2794 4546
604 416 800 482 ..-9...

168 579 263 664 lidus,
285 578 448 644 senivivus
470 599 529 664 pro
553 577 745 663 exsequis,
771 598 806 661 p.
829 571 921 664 oet.¹)
967 575 1036 644 looi
1060 598 1158 644 sauss
1179 575 1234 644 hie

42 722 45 728 ·
74 698 77 704 '
103 669 107 726 Ῐ
167 707 422 753 commemorare
445 684 559 770 lineat,
582 683 668 768 quod
683 683 801 768 Capito
818 683 952 775 Lycius,
976 682 1033 768 qui
1056 680 1120 748 fuit
1136 679 1235 748 lusti·

23 855 26 863 .
166 791 257 858 niani
280 791 496 878 temporibus,
519 790 680 874 interpres
699 810 836 876 graecus
855 789 1008 877 Eutropii
1026 789 1127 856 rerba
1140 787 1180 876 X,
1193 787 1234 856 16

136 901 282 986 ⁴¹sororis
308 901 410 985 filium
436 897 610 964 commodae
636 897 757 992 indolis
776 897 915 964 irruerem
941 897 1093 980 interfecit
1118 918 1234 986 grasse

128 993 129 997 ¹
172 1007 312 1074 reddidit
337 1007 401 1090 ’τῆς
438 999 586 1088 ἀδελφῆς
621 999 684 1070 τὸν
714 999 794 1078 υἱὸν
826 1001 1006 1090 Κομμόδης
1042 1005 1234 1090 διαφθείρει

168 1108 274 1200 δόλῳ,
298 1132 372 1176 oum
396 1109 578 1176 continenti
602 1107 765 1193 scripturn
788 1107 968 1193 decipiente
992 1107 1092 1173 rerba
1109 1128 1235 1176 enorme

168 1219 225 1288 doe
243 1216 357 1286 indolis
379 1238 439 1304 pro
455 1213 637 1285 &ermedeo
658 1213 793 1284 indolis
815 1211 1031 1304 intellegeret.
1076 1212 1236 1284 Similiter

86 1333 88 1338 '
170 1326 249 1393 olim
272 1326 307 1392 in
329 1325 404 1413 Dig.
427 1324 470 1391 fn
490 1325 511 1391 3
539 1325 580 1390 ad
610 1324 630 1391 l.
653 1323 679 1390 1.
703 1324 776 1410 maj.
795 1324 884 1409 4s,4
911 1323 1129 1391 distinxerant
1156 1324 1236 1391 iuris

157 1432 312 1501 -oonsulti
333 1433 437 1518 qualis
459 1437 503 1500 est
524 1433 589 1518 ille,
611 1424 667 1518 qui
688 1432 724 1498 iu
746 1431 831 1499 bellis
852 1431 974 1499 cesserit
995 1453 1056 1518 pro
1074 1453 1127 1518 eo,
1150 1431 1236 1518 quod

170 1563 283 1607 verum
305 1545 357 1607 est
379 1539 634 1625 quatemus,
656 1541 712 1624 qui
733 1539 854 1608 inbellis
876 1540 1004 1607 cesserit.

258 1647 348 1716 Haeo
377 1647 641 1736 interpolationis
670 1646 793 1733 speeies
822 1669 861 1714 ex
888 1651 1047 1734 perpetua
1073 1646 1238 1734 scriptura

37 1778 39 1786 ’
171 1761 245 1822 ortu
268 1778 465 1842 quamquam
484 1756 523 1844 ,in
546 1755 606 1840 eis,
634 1777 717 1840 quae
741 1755 846 1824 adhue
868 1755 1051 1841 posuimus,
1079 1754 1236 1842 exemplis

172 1861 310 1948 simplex
337 1867 371 1928 et
396 1862 486 1928 rudis
510 1885 613 1948 eoque
637 1861 743 1928 facilis
767 1863 807 1928 sd
830 1862 1133 1948 deprehendendum
1157 1866 1245 1948 erat,

171 1972 282 2036 tamen
309 1968 388 2036 slibi
410 1968 521 2058 magis
550 1970 584 2036 in
612 1951 740 2038 oooulto
770 1969 878 2055 lutet,⁴
899 1968 949 2036 ita
976 1973 1014 2036 ut
1036 1969 1124 2036 varie
1147 1968 1236 2036 viros

171 2069 286 2144 doctos
309 2075 472 2143 fefellerit.
505 2074 609 2143 (iuius
632 2077 679 2144 rei
698 2077 911 2144 illustrandae
930 2077 1039 2166 gratia
1063 2075 1237 2144 tractaturi

160 2207 284 2252 sumus
307 2184 343 2251 in
365 2184 526 2271 principio
549 2184 658 2252 locum
681 2207 700 2250 a
724 2184 847 2252 oritiois
870 2184 1107 2252 recentioribus
1130 2184 1239 2251 multi·

62 2329 64 2336 ν
161 2293 278 2360 Διιιοᾶἰει
308 2297 473 2359 tentatum
496 2297 712 2380 vexatumque
736 2293 821 2359 Livii
842 2293 944 2379 rus,
966 2295 1015 2379 11,
1049 2293 1107 2359 ubi
1129 2292 1240 2381 agitur

173 2400 211 2467 de
239 2399 432 2486 Philemeno
455 2405 587 2468 auctore
610 2399 744 2468 Tarenti
767 2396 886 2468 Poenis
910 2398 1084 2466 trudendir·
1099 2400 1153 2468 ubi
1174 2401 1239 2468 mm

20 2555 22 2562 ι
164 2528 206 2574 eo
228 2509 455 2575 consuetudinis
477 2509 610 2574 adducto
632 2529 680 2576 res
702 2513 759 2589 est,
785 2513 822 2574 ut
842 2527 1029 2591 procesusque
1050 2507 1147 2574 noetis
1169 2511 1239 2574 terr

69 2699 72 2704 Ι
167 2635 245 2699 pore
270 2615 344 2681 sibi
371 2616 447 2682 loeo
473 2615 602 2683 dedisset
627 2617 765 2701 siquenm,
791 2619 885 2700 porta
907 2613 1092 2699 operiretur,
1124 2618 1240 2698 turum

167 2722 308 2805 *spondae
329 2722 376 2787 rei
393 2721 573 2789 Hannibali
594 2723 695 2790 obrem
712 2727 764 2790 est.
800 2721 864 2788 Hie
882 2719 981 2789 leotio
1000 2721 1148 2790 codicum
1167 2742 1241 2788 oon·

64 2901 67 2907 ,
165 2847 272 2894 -sensu
306 2827 429 2894 tradite
463 2829 524 2896 sebi
558 2829 621 2897 ioco
653 2829 766 2896 multis
799 2827 878 2896 viris
911 2828 1017 2895 doctis
1050 2828 1239 2914 sompulum

170 2935 300 3023 iniecit,
331 2935 471 3023 utplus
499 2936 689 3006 delitescere
721 2936 961 3004 arbitrarentur
988 2957 1086 3024 quam
1114 2957 1239 3002 merum

121 3049 123 3058 '
171 3043 276 3130 sibilo,
299 3045 386 3130 quod
404 3045 572 3132 vulgetur:
599 3049 711 3114 temen
733 3043 816 3130 nihil
835 3043 923 3110 aliud
941 3041 1120 3129 requiritur
1137 3061 1240 3129 neque

174 3151 281 3216 inesse
304 3150 379 3237 plus
401 3173 594 3236 persuasum
612 3151 780 3219 habemus.
810 3149 913 3239 Origo
931 3154 1042 3217 autem
1060 3149 1241 3235 scripturae

127 3311 129 3316 .
167 3257 235 3326 sebi
257 3258 319 3326 loeo
341 3257 422 3326 haee
439 3257 759 3327 rideturrlibrariue
778 3280 891 3326 rosam
910 3257 1018 3326 minus
1039 3255 1153 3324 tritam
1171 3255 1242 3324 sibi·

176 3365 225 3433 lus
252 3386 326 3432 oum
352 3363 533 3453 ignoraret,
565 3365 705 3433 diductis
736 3363 872 3452 syllabis
904 3362 1011 3453 ostilio
1047 3385 1087 3431 ex
1118 3367 1243 3448 trunoa,

171 3493 274 3564 ,quam
301 3471 458 3572 putabat,
486 3495 565 3541 vooe
593 3473 622 3542 io
650 3471 830 3561 supplendo
858 3470 965 3539 effeoit
995 3471 1070 3558 loeo,
1102 3468 1242 3536 fortasse

142 3667 143 3672 Ἰ
176 3579 381 3648 antecedenti
402 3581 563 3648 roonbulo
587 3584 719 3666 tempore
741 3579 909 3666 addumus,
931 3583 970 3646 ut
992 3577 1055 3647 loro
1077 3573 1173 3663 quasi
1195 3597 1243 3644 rs·

176 3687 334 3775 spondere
352 3687 388 3754 oi
405 3689 565 3757 erederet.
613 3685 717 3755 Panlo
747 3687 844 3756 aliter
866 3697 1010 3754 errorem
1032 3682 1176 3771 explieat
1198 3681 1243 3750 u.

91 4007 93 4012 .
217 3939 219 3944 '
266 3937 303 4010 1).
315 3933 355 3995 ol.
375 3934 462 3994 oliam
478 3935 633 4008 quodbir.
652 3941 697 4006 lt,
712 3942 754 4006 lt,
770 3942 785 3992 1
808 3934 838 3994 in
855 3931 979 4018 yades.
1000 3931 1107 4004 legitur
1133 3947 1168 3991 ee
1182 3931 1189 4004 Ι
1202 3946 1242 3990 υ·

175 4031 247 4083 nutu
263 4041 315 4096 pro
333 4041 368 4084 ee
384 4041 413 4083 ee
429 4030 521 4083 notua
933 4043 937 4052 ·
1118 4051 1119 4054 ¹
