2766 4550
606 365 829 432 -·19-

183 545 279 592 neam
299 525 430 615 scripsit
447 547 476 612 e,
499 548 559 594 neo
578 525 685 616 magis
700 526 834 594 dubium
849 526 931 594 mihi
952 526 1080 614 quidem
1099 531 1155 612 est,
1172 525 1267 613 quin
1292 528 1297 536 ’

181 631 263 701 haee
285 632 393 702 forma
407 632 524 724 (suere)
540 633 682 724 genuina
697 635 742 702 sit
756 631 801 724 (r.
819 633 931 722 infra).
961 633 1170 723 corruptelae
1186 631 1266 701 ori·

136 755 139 764 '
184 740 294 828 ginem
317 741 535 830 fluentemque
562 742 639 809 inde
663 741 921 810 emendationem
952 742 1017 811 boo
1038 745 1109 811 loeo
1130 741 1266 830 primus

183 847 350 936 perspexit
372 847 545 916 Woelfflin
568 847 709 938 (Livien.
732 843 845 916 Kritik
868 871 901 936 p.
920 846 971 938 6),
999 857 1112 938 postea
1137 848 1192 916 aiii
1224 847 1267 916 in

185 953 259 1023 aliis
287 953 475 1046 Puteanei¹)
504 956 625 1024 oodiois
653 955 825 1043 seripturis
859 961 1138 1045 monstraverunt,
1164 957 1267 1024 velut

186 1099 240 1185 22,
251 1101 339 1182 45,8
356 1105 511 1168 tessssereat
533 1130 576 1156 -
592 1107 715 1168 sensere
730 1069 936 1192 (essentne),
954 1101 999 1187 ib,
1017 1104 1070 1182 46,
1084 1104 1105 1171 6
1121 1107 1269 1171 asserem

187 1272 229 1298 -
244 1247 349 1310 soen
362 1216 550 1333 (assate),
573 1243 974 1329 8881888888-
989 1245 1123 1332 amere,
1140 1244 1266 1330 aeae,

108 1401 123 1430 ,,
191 1349 232 1415 14
246 1355 278 1414 et
293 1349 345 1434 22,
357 1351 384 1434 l,
399 1353 420 1416 2
437 1351 573 1418 valerent
586 1381 629 1406 -
643 1352 759 1437 uidere3
776 1352 818 1420 ei.
831 1351 941 1420 Luchs
959 1351 1025 1420 ind.
1041 1351 1267 1440 lesanrlang.

189 1455 316 1524 a1881
338 1477 369 1543 p.
384 1459 414 1526 5.
450 1455 655 1545 Quemquam
679 1458 787 1526 tribus
806 1459 982 1548 postremis
1000 1459 1083 1528 loeis
1102 1481 1167 1526 non
1190 1463 1265 1526 tam

189 1561 320 1632 evidens
345 1570 395 1633 est
418 1565 617 1634 emendatio:
639 1589 716 1632 nam
740 1567 788 1633 ibi
805 1567 967 1635 obssseresst
984 1574 1018 1634 et
1034 1567 1171 1635 sideest
1188 1589 1265 1655 pos·

190 1675 267 1738 suut
290 1671 390 1738 videri
414 1675 564 1758 tempora
593 1673 786 1759 imperfecte
814 1695 852 1740 er
875 1675 1043 1741 obsesessssst
1063 1679 1099 1740 et
1121 1675 1267 1742 viderunt
1298 1679 1303 1690 '

190 1777 318 1864 vulgari
328 1779 595 1846 terminationum
605 1777 829 1866 confusione²)
840 1779 1028 1868 depravata.
1051 1780 1264 1847 Heeeautem

192 1884 220 1950 si
243 1889 329 1950 reete
353 1884 518 1972 disputata
541 1891 618 1952 sunt
637 1888 731 1953 stab
751 1886 824 1952 aliis
848 1891 883 1953 et
907 1909 927 1954 a
950 1887 1057 1972 nobis,
1078 1886 1132 1954 sel
1152 1909 1191 1954 ex
1209 1886 1264 1954 his

68 2054 70 2061 .
193 1989 373 2078 duplicibus
392 1990 562 2078 seripturis
581 1977 662 2059 dissi
681 1997 792 2078 potest
806 1992 960 2064 librarios
975 1998 1102 2061 veteres
1121 1993 1264 2060 maxime

193 2097 357 2166 studiosos
375 2097 476 2165 fuisse
494 2097 610 2166 formis
631 2099 768 2186 perfecti
785 2099 819 2166 in
844 2122 908 2168 -ere
930 2100 1155 2170 desinentibus
1177 2122 1265 2168 oom-

193 2229 306 2276 munes
336 2205 567 2294 substituendi,
595 2207 722 2319 seilicet
748 2229 830 2296 quae
864 2209 899 2275 in
929 2214 1033 2276 essent
1064 2205 1266 2296 desinunt⁸).

194 2381 406 2392 ...ι-..ψ-

287 2497 314 2561 1)
332 2494 439 2552 Eodem
457 2493 541 2550 modo
560 2491 655 2550 neseio
675 2509 710 2549 an
729 2501 772 2563 to,
793 2499 834 2564 18,
855 2499 888 2550 18
907 2492 938 2549 in
955 2493 1182 2552 vindobonensis
1200 2494 1267 2551 eod.

196 2583 335 2656 scriptura
362 2591 526 2653 assumerent,
556 2581 631 2656 quod
658 2583 745 2655 reigo
772 2585 885 2639 mutent
911 2587 1082 2654 mammet,
1112 2582 1269 2641 deliteseat

157 2659 161 2670 ’
195 2690 316 2731 massam
334 2673 418 2744 idque
436 2671 628 2742 reponendum
647 2671 685 2727 sit
703 2671 852 2730 sententiis
871 2669 912 2727 sia
931 2669 1088 2728 distinctis:
1106 2673 1267 2732 des'ssde..

195 2763 365 2824 tibesssabsst.
401 2762 534 2834 Leyisms
556 2763 698 2820 Rossuaeu
717 2806 724 2821 .
744 2805 750 2820 .
771 2801 778 2817 .
797 2763 902 2820 Roseae
921 2778 1057 2832 esame,
1078 2769 1105 2819 et
1122 2769 1269 2836 praetores

197 2897 231 2914 ..
252 2895 258 2910 .
278 2895 284 2910 .
304 2855 336 2910 iss
350 2851 508 2926 prouisam
525 2853 580 2910 iere
598 2857 651 2910 oet.
688 2851 880 2922 massolaco,
900 2850 1073 2922 quinus,
1092 2857 1135 2922 ot,
1154 2859 1267 2921 doum

140 2945 142 2952 '
197 2943 286 3004 sodex
299 2942 432 3001 exhibeat
444 2942 681 3014 sssbs'perssseseusst
694 2941 820 3000 dubitari
832 2943 936 3015 potest
951 2945 1045 2998 utrum
1057 2942 1268 3014 supersues-essse,

198 3031 274 3108 quod
298 3033 383 3106 vulgo
406 3029 537 3090 sosibitor
559 3031 596 3088 ab
615 3031 784 3102 editoribus,
809 3048 846 3088 an
862 3034 1022 3105 superfuere
1045 3029 1195 3104 legendnm
1215 3029 1266 3102 sit,

198 3139 369 3198 quamquam
386 3141 444 3182 non
462 3120 578 3178 dubium
597 3123 653 3192 est,
677 3121 746 3194 quin
767 3123 904 3180 subeundi
920 3120 1051 3190 verbnm,
1074 3135 1147 3191 quae
1169 3119 1267 3186 altera

199 3213 390 3284 discrepantia
407 3211 556 3281 indicatur,
575 3227 689 3284 prorsas
708 3210 830 3268 alienum
849 3209 895 3268 sit.

255 3371 257 3378 .
290 3321 317 3390 8)
336 3319 416 3378 Hane
434 3337 458 3378 e.
476 3337 504 3392 g.
524 3322 682 3390 agnoscunt
700 3317 792 3375 critici
814 3317 873 3375 Lis.
892 3325 936 3388 88,
957 3325 999 3385 18,
1019 3323 1060 3386 18,
1081 3315 1132 3374 nbi
1149 3333 1214 3372 eum
1230 3317 1266 3374 in

198 3411 261 3482 ¹Put.
275 3425 362 3484 prave
380 3409 514 3483 seriptum
533 3409 611 3465 extet
628 3408 809 3479 desesulesesst,
825 3407 912 3481 vulgo
922 3409 1062 3480 reponent
1073 3406 1265 3481 defenderent,

198 3517 257 3586 non
274 3500 414 3568 defendere
432 3502 463 3557 et
475 3503 518 3568 48,
538 3503 564 3566 4,
582 3503 599 3554 8
618 3504 773 3555 averterunt
790 3515 825 3555 ex
842 3496 926 3554 viad.
946 3502 1102 3574 ommes.

231 3567 234 3619 ἱ
251 3617 252 3624 ’
272 3595 309 3681 ’8)
323 3603 460 3665 Similiter
469 3603 581 3678 saepius
590 3601 699 3662 librarii
707 3603 833 3677 perfecte
842 3603 1024 3664 contreetain
1033 3605 1121 3663 -osisst
1129 3603 1265 3662 meantia

80 3701 82 3708 ’
201 3696 362 3761 etextibus
380 3693 564 3754 summovisse
581 3691 726 3766 sidentur,
749 3711 813 3752 enm
831 3699 881 3752 aut
898 3695 1003 3752 formas
1024 3711 1081 3753 non
1103 3697 1264 3752 eoum
1376 3737 1377 3740 ,

182 3794 252 3850 aut
269 3785 436 3862 imperfecta
452 3783 524 3846 sont
544 3783 753 3842 substituerent
782 3783 830 3843 Sio
847 3784 907 3844 Lis.
921 3791 965 3856 88,
985 3791 1027 3856 18,
1046 3790 1070 3856 t,
1088 3783 1138 3842 ubi
1155 3785 1186 3841 in
1198 3783 1265 3844 Pet
1376 3805 1377 3808 ¹

202 3885 247 3942 est
264 3879 450 3954 sepmeries,
466 3876 497 3934 in
511 3873 627 3932 alterim
645 3873 771 3932 familiae
789 3873 933 3933 eodioibus
947 3880 1103 3950 aequarent,
1115 3872 1211 3932 neseio
1225 3889 1264 3932 aa
1376 3875 1377 3901 ¹

200 3989 299 4057 seram
318 3969 357 4027 sit
373 3969 526 4043 aequarint.
561 3961 619 4022 Oia
635 3983 664 4040 p.
682 3964 742 4024 Mil.
763 3972 805 4037 18,
824 3973 858 4025 st
880 3963 962 4026 unice
983 3969 1089 4026 nsum
1110 3963 1264 4024 tortionem
