2794 4546
487 369 708 434 ...10-

69 532 257 616 Gitlbauer,
279 553 354 598 cum
371 529 407 596 in
424 551 498 594 ann.
515 549 625 616 gymn.
638 526 751 593 Austr.
770 528 833 593 vol.
846 525 957 594 xxlx
971 523 1013 615 (a
1029 523 1131 614 1878)

49 661 97 724 ·p.
115 639 185 704 352
215 633 388 702 librarium
410 637 439 703 lo
462 635 688 720 compendium
716 633 953 700 tironianarum
979 637 1132 699 notarum
1219 619 1222 626 ¹

67 767 125 810 usu
146 748 267 810 notum
290 742 353 808 loeo
375 741 573 807 intellexisse
597 737 723 828 selit¹):
748 743 783 805 at
806 737 946 805 maxime
970 738 1149 804 claudicat

67 854 135 914 tota
156 849 258 914 buius
281 847 344 913 viri
366 847 454 914 docti
478 848 518 913 de
546 845 746 932 compendiis
768 843 1132 929 notisqueautiquissi·

69 952 225 1020 simorum
248 953 396 1020 codicum
418 951 567 1018 doctrina
583 953 726 1037 novicia,
748 952 782 1018 id
801 951 887 1037 quod
907 949 1059 1036 persequi
1077 949 1132 1016 hic

67 1059 154 1126 locus
172 1063 319 1127 nonest
349 1057 506 1124 Libenter
526 1061 636 1124 autem
655 1057 837 1124 carebimus
856 1055 1051 1124 coniecturis
1070 1054 1132 1141 his,

68 1189 146 1254 quae
173 1167 325 1254 prolatae
352 1168 442 1232 sunt:
474 1163 515 1232 H.
533 1163 574 1232 A.
592 1163 711 1232 Kochii
738 1166 862 1252 (progr.
885 1163 1132 1250 Brandenburg.

69 1297 96 1342 a
114 1277 202 1345 1860
225 1297 255 1362 p.
277 1271 334 1363 10)
357 1273 447 1341 sado
464 1273 593 1359 colodi,
615 1271 743 1339 Hertzii
764 1272 854 1340 sibilo
876 1293 950 1359 quo,
976 1271 1132 1339 Harantii
1216 1269 1235 1284 “’
1331 1258 1335 1266 ’

72 1380 190 1468 (adnot
214 1387 250 1447 et
272 1381 392 1448 emend
418 1379 458 1446 ad
480 1379 517 1446 Τ.
535 1379 665 1446 Livium
687 1403 718 1466 p.
741 1375 817 1468 111)
844 1379 1039 1466 stilorum,
1066 1377 1132 1446 No-

71 1488 153 1554 um
176 1488 273 1576 (risu
295 1486 482 1574 filologioke‘
505 1487 569 1553 v01.
585 1485 634 1552 n
662 1479 690 1553 a.
713 1487 797 1553 rear
819 1509 851 1572 p.
869 1481 906 1573 9)
936 1485 1026 1553 earu
1052 1505 1132 1553 em-
1224 1573 1231 1582 ,
1271 1465 1278 1472 ’

65 1597 168 1679 panto.
214 1593 285 1662 Nec
307 1615 384 1661 vero
412 1594 492 1660 adeo
515 1593 628 1680 mirer,
655 1593 683 1659 si
704 1581 894 1680 propediem
916 1593 1051 1680 existat,
1075 1591 1131 1678 qui

70 1701 184 1788 ribi<lo
207 1701 314 1786 certo>
336 1706 415 1770 loco
438 1701 644 1768 scribendum
667 1705 873 1788 proponeret.

154 1808 318 1876 Similiter
340 1809 444 1876 altero
467 1809 539 1876 loco
562 1807 700 1876 Liuiano
721 1807 774 1895 27,
792 1809 885 1895 32,4
907 1807 943 1875 in
965 1807 1131 1876 Puteaneo

71 1915 173 1984 codice
189 1907 377 1983 aberratum
394 1921 458 1996 est:
480 1917 581 1984 babet
600 1917 686 1983 enim
704 1921 856 1984 mutacto
875 1965 929 1983 ...
948 1912 1129 2005 celamiml

70 2043 133 2090 urm
150 2029 157 2105 Ι
175 2025 253 2092 certe
270 2029 277 2107 Ι
293 2025 361 2111 peri
379 2029 385 2106 Ι
404 2025 517 2092 videret
534 2028 540 2106 Ι
558 2043 630 2092 neoc
651 2045 711 2110 pro
734 2043 758 2091 c.
862 2047 886 2090 c.
908 2043 979 2091 nem
1000 2023 1132 2110 arperi

72 2151 128 2199 aa
158 2131 245 2202 Cum
264 2132 373 2199 scriba
390 2153 459 2200 cum
477 2131 814 2219 praepositionem'ab
833 2131 1038 2199 antecedenti
1057 2132 1132 2198 sub
1205 2203 1218 2214 ,
1291 2187 1296 2196 .

73 2239 213 2306 stautivo
234 2241 398 2306 cerlomim
419 2239 615 2326 pendentem
637 2261 736 2324 prave
755 2238 971 2304 intellexisset
984 2235 1030 2324 (u.
1043 2237 1131 2304 infra
1228 2269 1230 2276 ·

73 2365 100 2428 p.
114 2343 172 2432 57)
206 2351 241 2410 et
263 2346 333 2430 peri
357 2367 416 2432 per
442 2369 477 2412 se
505 2345 685 2441 accepisset
716 2349 754 2410 ut
781 2367 801 2410 a
824 2347 955 2430 pecude
987 2346 1140 2437 ductum,

73 2471 107 2516 er
132 2452 265 2537 mutila,
296 2475 379 2538 quae
413 2451 598 2538 videbatur,
626 2473 707 2518 uoce
739 2471 780 2516 ur
810 2451 989 2538 supplendo
1022 2451 1131 2518 effecit

75 2557 146 2626 arte.
181 2559 275 2626 Adeo
296 2580 374 2625 sera
396 2563 431 2626 et
452 2558 565 2624 nativa
587 2559 762 2626 verborum
784 2557 953 2625 distinctio
976 2557 1130 2624 librarios

75 2665 215 2750 stupidos
242 2665 406 2731 interdum
432 2665 520 2754 fugit
551 2671 586 2732 et
613 2666 654 2731 ad
682 2665 867 2732 adiciendus
899 2666 1044 2752 syllabas
1077 2665 1131 2730 lit·

75 2773 207 2860 teresse,
238 2794 322 2859 quae
344 2773 455 2839 deesse
477 2773 673 2840 videbantur
701 2777 758 2840 aut
785 2772 888 2840 menti
918 2771 1061 2840 oculisve
1084 2769 1131 2837 in·
1227 2837 1231 2846 ,

76 2879 261 2966 tempestive
280 2880 547 2966 obversabantur,
569 2881 778 2967 impulerunt.
811 2880 900 2959 Quae
919 2879 1131 2965 interpolatio
1163 2951 1166 2959 Ι

77 3003 165 3067 quam
183 2987 251 3054 late
269 2991 383 3074 pateat
400 2987 451 3054 vel
470 2987 505 3054 in
524 2987 763 3074 antiquissimis
777 2987 882 3074 codd,
899 2985 999 3054 velim
1013 3007 1132 3073 cogno·

158 3255 186 3324 ι)
204 3251 247 3310 Eo
260 3251 373 3309 nomina
387 3269 473 3326 prave
487 3252 603 3310 excitari
616 3254 685 3327 puto
699 3251 890 3310 aGitlbauero
904 3253 997 3312 locum
1005 3251 1132 3311 Terentii
1165 3245 1172 3263 ⁸
1202 3275 1204 3280 v
1305 3239 1309 3247 ⁴

77 3337 138 3397 Em.
155 3347 287 3413 ζωὴ
304 3340 346 3398 ibi
363 3341 394 3398 in
411 3341 543 3400 Bembiui
560 3341 666 3402 scuti
677 3339 810 3401 'leudona
828 3345 906 3401 tlara
926 3358 979 3417 pro
997 3343 1039 3400 ito
1061 3342 1132 3399 duas

75 3459 153 3522 tabes
169 3466 309 3524 lectiones
325 3465 436 3524 iunctas
453 3466 512 3525 itur
529 3469 560 3524 at
576 3469 619 3526 lta
636 3449 735 3548 (tufi),
760 3481 878 3540 ¹curuum
899 3468 976 3540 prior
998 3469 1133 3540 corrupta

77 3555 115 3608 ea
129 3553 322 3613 nboedentis
334 3553 414 3613 serbi
427 3561 542 3614 amur·
559 3555 649 3627 exitu3
668 3559 703 3616 cl.
718 3557 844 3615 ciusdem
858 3555 964 3614 codicis
978 3557 1132 3629 scripturas
1271 3561 1273 3566 '
1343 3519 1347 3526 ι

77 3635 132 3699 tan
157 3645 209 3702 Ad.
230 3651 257 3716 1,
271 3649 344 3716 1,ἱὸ
365 3641 480 3715 sucioad
497 3670 532 3695 ι-
550 3647 625 3716 facio
648 3647 769 3720 (sociaci
796 3644 898 3705 vitium
920 3645 1009 3704 traxit
1031 3650 1067 3702 σι’
1088 3661 1132 3717 ao,
1159 3653 1162 3671 ‘
1248 3724 1253 3734 .

78 3731 144 3799 quod
156 3733 302 3806 praeeedit
316 3734 445 3804 babeam
463 3741 491 3807 ἱ,
506 3743 530 3806 1,
544 3721 580 3794 '40
597 3752 710 3796 cauam
724 3736 731 3811 Ι
745 3742 771 3794 et
785 3740 791 3806 l
806 3753 892 3796 mons
901 3761 936 3785 -
947 3751 1033 3795 cossa
1046 3751 1133 3793 manu

80 3871 204 4038 Ἓξ,
218 3878 283 3937 ent
302 3840 473 3970 ωωαῗᾷ,
496 3885 569 3939 nde
590 3895 625 3950 ax
648 3882 738 3940 antec
757 3895 856 3939 versus
878 3895 948 3938 voca
970 3879 1065 3937 netas
1082 3870 1130 3936 ds·

79 3975 123 4030 ,n
871 3980 874 3987 ,
1179 3971 1182 3978 .
