2766 4550
509 395 544 408 ..
593 324 723 427 84¹-

86 593 308 662 emendatione
326 537 480 680 (trode'dds')
497 595 677 659 monstrum
697 591 777 658 illud
796 591 947 658 evasisse.
990 591 1144 659 Tendebat

85 700 222 768 feliciter
243 701 365 768 invenit
387 700 536 788 Madvig,
566 700 600 766 in
628 699 761 785 reliquis
789 703 898 765 tamen
927 698 1144 784 emendandis,
1189 735 1193 740 ·

37 789 51 802 '¹
86 813 121 873 ut
137 809 247 893 ceteri,
267 807 323 894 qui
340 807 426 874 huno
444 807 550 875 locum
569 809 818 893 temptaverunt,
836 805 967 894 longius
986 829 1006 872 a
1023 805 1142 872 codicis

87 915 242 982 memoria
263 913 435 982 recessisse
453 913 533 981 mihi
556 913 691 980 videtur.
735 911 894 1001 Equidem
914 913 1060 1000 reposita
1082 911 1143 980 bae

86 1043 164 1089 voce
182 1029 307 1088 tantum
332 1023 372 1089 ad
395 1021 634 1109 coniungendas
658 1022 765 1107 aptius
788 1019 966 1088 sententias
988 1025 1023 1086 at
1043 1020 1143 1106 parti·

87 1129 204 1214 culam,
222 1152 304 1217 quae
318 1133 394 1218 post
406 1134 473 1196 erat
487 1127 582 1194 facile
601 1127 792 1194 intercidere
805 1127 921 1214 potuit,
934 1124 1142 1195 'inserendam

87 1258 200 1304 censeo
221 1241 390 1325 totumque
413 1237 518 1304 locum
541 1235 588 1301 sic
611 1236 844 1322 retingendum:
866 1241 901 1304 ot
918 1235 1057 1304 teredsbus
1074 1258 1143 1304 cum
1217 1299 1218 1304 ,

64 1355 68 1363 ’
89 1347 208 1412 amoliti
228 1347 340 1413 adiecto
356 1366 450 1412 cana
471 1344 604 1410 ammes
620 1343 770 1410 dedissent
785 1344 870 1410 nom
888 1392 896 1410 .
915 1397 922 1413 .
941 1395 949 1412 .
966 1349 1056 1431 copto
1078 1345 1143 1412 tom

90 1445 220 1539 addique
240 1459 343 1521 oestro
364 1457 459 1520 cant.

174 1560 235 1628 llic
262 1561 330 1629 illic
353 1560 501 1626 ridentur
524 1562 631 1626 rectae
654 1558 796 1643 syllabae
824 1561 1012 1628 emendandi
1036 1562 1144 1648 gratia

90 1667 321 1756 superscriptae
351 1668 458 1736 nescio
489 1689 553 1754 qua
584 1665 799 1733 collocatione
831 1667 974 1736 librariis
1004 1668 1142 1755 speciem

89 1777 272 1861 praebuisse
299 1777 500 1864 integrarum
522 1795 637 1842 vocum
660 1773 916 1860 inserendarum,
945 1775 994 1842 ita
1022 1781 1060 1842 nt
1088 1799 1142 1843 eas

61 1955 66 1963 ¹
92 1884 231 1969 syllabas
249 1885 284 1950 in
299 1883 470 1951 verborum
485 1881 630 1950 ordinem
647 1882 772 1969 priores
791 1882 1015 1950 describerent.
1045 1881 1144 1950 Velut

91 1989 156 2060 niv.
178 1995 235 2079 24,
257 1994 318 2078 20,
343 1992 396 2077 10,
423 1991 478 2058 ubi
501 1991 535 2056 in
559 1989 631 2090 Pnt.
655 1989 776 2079 legitur
797 1992 863 2058 nm
884 1991 946 2058 vinc
968 2013 1028 2079 pro
1051 1993 1143 2076 amm,

91 2133 124 2200 n
144 2135 317 2224 ucaerypo
344 2135 444 2202 fuisse
466 2139 546 2223 puro
573 2093 652 2214 iiii·
675 2135 732 2221 42,
755 2135 791 2221 2,
816 2135 834 2201 r
858 2135 1144 2205 inviscerasse

93 2263 149 2327 pro
173 2249 247 2310 esset
274 2249 309 2309 et
336 2243 378 2310 ib.
400 2244 500 2324 55,9
527 2249 595 2309 erot
624 2247 768 2309 omnent
797 2265 857 2328 pro
883 2243 1035 2325 semoy
1064 2249 1142 2311 nata
1177 2317 1189 2327 ‚
1244 2309 1246 2314 ,
1314 2253 1315 2258 ’

92 2389 166 2470 pao
179 2407 218 2452 ex
232 2385 399 2473 amnerypr
414 2384 581 2473 conpluris
595 2355 657 2453 dte
670 2388 703 2450 a
716 2350 869 2450 addant.
902 2381 1008 2452 simin
1022 2371 1141 2454 erroris

92 2493 310 2577 explanatione
336 2493 466 2560 iuratur
488 2495 621 2581 egregia
642 2492 840 2578 coniectura,
867 2513 932 2578 qua
953 2491 1141 2581 Nipperdey
1193 2517 1194 2520 ¹

92 2597 150 2666 cic
171 2599 254 2670 Phil.
276 2601 307 2686 6,
328 2601 359 2685 4,
384 2604 422 2668 11
452 2600 602 2668 vitiosam
631 2599 775 2666 codicum
803 2598 976 2666 lectionem
998 2603 1141 2687 quiscat,

91 2707 139 2788 cot
162 2707 244 2774 tanc
270 2729 331 2774 non
352 2729 426 2774 cosa
447 2708 597 2774 cedmae
618 2689 701 2773 recte
716 2707 833 2789 secisse,
860 2706 998 2796 aequitio
1019 2713 1064 2776 est
1083 2730 1139 2777 sce

93 2810 146 2880 lere
162 2814 291 2882 sanavit
308 2813 474 2882 scribendo
562 2813 699 2898 aequitio
715 2813 845 2881 sedete:
867 2809 922 2878 vix
936 2812 1069 2900 dnbinm
1083 2819 1142 2903 est,

93 2957 165 3044 quin
185 2959 220 3025 in
242 2956 362 3025 archet
384 2956 540 3045 scriptum
562 2955 662 3023 fuerit
683 2955 821 3040 nequitia
841 2903 956 3025 303ssssst
997 2957 1142 3047 Denique

92 3062 151 3134 dic.
171 3067 210 3134 de
232 3065 296 3135 div.
321 3069 352 3152 1,
377 3066 432 3152 16,
454 3066 496 3132 29
524 3065 671 3133 codicum
698 3062 823 3151 aliquot
849 3063 1019 3134 lectionem
1046 3071 1082 3132 ot
1107 3067 1142 3133 ia

91 3175 191 3240 omnio
217 3171 292 3262 (pro
317 3179 354 3241 ot
377 3174 495 3260 maino,
527 3173 613 3262 quod
640 3168 808 3274 volgatur)
836 3173 1042 3261 repetendam
1071 3195 1142 3242 esse

92 3337 127 3381 ex
160 3315 327 3404 archetypi
362 3317 531 3404 scriptura.
557 3323 594 3384 nt
631 3277 736 3386 arrideo
776 3315 939 3384 intellexit
969 3313 1004 3384 0.
1030 3313 1066 3386 F.
1089 3315 1142 3385 W.

91 3419 220 3492 Mueller
245 3445 318 3490 nov.
345 3445 417 3492 ann.
444 3423 523 3510 phil.
545 3421 713 3491 LXXXIX
743 3447 774 3510 p.
795 3425 872 3511 130,
905 3423 1021 3492 merito
1045 3423 1141 3491 simul

93 3527 218 3597 reiciens
245 3529 367 3597 Klotaii
397 3530 615 3599 coniecturam
646 3553 685 3598 ex
711 3529 770 3598 illa
796 3529 935 3598 lectione
962 3530 1141 3600 derivatam

93 3630 137 3701 uti
153 3639 266 3704 carino.
827 3643 831 3651 ’

173 3885 201 3955 1)
219 3881 266 3940 flia
287 3883 359 3941 benc
382 3882 501 3942 correxit
518 3883 634 3956 Madvig
655 3899 709 3941 em.
730 3883 790 3940 Ide.
818 3902 846 3957 p.
866 3839 945 3956 tw,
972 3889 1142 3956 quamquam
1195 3923 1197 3932 ,

96 3963 149 4038 ipss
164 3971 278 4028 aliunde
296 3970 397 4029 erroris
415 3971 553 4043 originem
569 3971 681 4045 repetit
