2794 4546
540 363 756 431 „32-

124 549 232 594 rarum
252 522 402 594 naturam
426 526 561 591 servare.
597 523 669 592 Hoc
692 545 731 590 ex
754 523 919 590 Puteaned
943 544 1071 608 quoquo
1091 520 1177 588 bivii
1267 547 1298 618 j·

124 635 230 702 codice
251 631 532 720 praestantissimo
554 631 695 718 perspici
721 631 783 699 hoc
805 631 878 698 loco
900 630 1031 720 longius
1053 629 1178 718 exposi-

125 741 187 806 turi
208 763 274 806 non
294 761 420 806 snmus:
442 741 499 806 sed
521 739 675 826 quoniam
697 738 814 824 omnia,
837 761 920 824 quae
943 739 978 804 in
998 739 1061 806 hac
1084 759 1178 824 quae·

124 846 227 914 stione
257 845 451 914 difficillima
478 846 682 934 circumspici
709 849 743 914 et
765 849 903 933 possunt
935 849 969 914 et
996 846 1128 931 debent,
1160 867 1179 910 a
1237 865 1239 870 ·

123 953 198 1020 viris
212 954 318 1021 doctis
341 954 406 1020 iam
429 960 621 1040 consumpta
635 959 721 1040 sunt,
743 975 863 1020 nouum
882 951 1063 1019 subsidium
1083 951 1178 1019 nobis

124 1061 379 1146 comparavimus
401 1083 440 1128 ex
458 1083 604 1128 errorum
622 1061 875 1146 mendorumque
894 1082 914 1126 a
931 1059 1075 1126 librariis
1094 1079 1179 1126 com·

124 1165 294 1244 missorum
317 1167 556 1254 observatione,
585 1171 682 1254 atque
705 1168 767 1236 hoc
790 1167 915 1234 diutina
938 1189 1048 1234 earum
1071 1187 1179 1233 rerum

123 1275 375 1359 pertractatione
396 1275 492 1342 nobis
514 1275 734 1361 persuasimus
757 1274 909 1341 librarios
931 1274 1021 1360 ipsos
1040 1273 1179 1340 maxime

57 1377 60 1384 ’
124 1380 279 1466 proclives
302 1380 403 1448 fuisse
426 1379 460 1447 in
482 1381 710 1448 assimilandas
728 1379 997 1468 praepositiones,
1015 1400 1096 1466 quas
1114 1400 1180 1446 non
1281 1444 1283 1449 ,

124 1489 317 1557 assimilatas
340 1489 537 1558 inuenerant.
574 1489 679 1571 Quam
702 1489 789 1558 enim
811 1488 951 1558 formam
971 1511 1038 1558 non
1056 1486 1181 1557 assimi-

124 1595 222 1665 latam
243 1603 350 1666 tutam
372 1598 473 1666 luisse
496 1622 516 1666 a
538 1598 747 1666 librariorum
769 1597 902 1666 licentia
926 1597 1129 1686 putabimus,
1152 1598 1179 1665 si

124 1727 151 1771 v.
168 1727 199 1795 g.
221 1705 290 1774 Lis.
309 1707 365 1795 36,
382 1707 472 1794 ml
494 1707 528 1774 in
550 1706 745 1797 Mogontino
768 1705 878 1774 codice
900 1705 1014 1774 collecti
1033 1727 1094 1792 pro
1112 1727 1181 1774 oon-

125 1810 220 1903 iectu)
251 1815 411 1901 scriptum
442 1814 613 1882 videmus?
662 1814 776 1901 procul
809 1813 908 1880 dubio
940 1813 975 1880 in
1003 1813 1180 1901 archetypo

44 1909 48 1920 ’
126 1920 220 1988 solita
247 1922 433 1989 litterarum
455 1921 480 1989 I
502 1926 536 1988 et
558 1923 587 1990 L
614 1922 648 1989 in
675 1921 855 1990 maiuscula
884 1920 1046 2008 scriptura
1073 1920 1182 1989 conlu-

126 2028 213 2096 sione
226 2036 393 2096 exaratum
406 2035 477 2097 erat
489 2031 620 2117 molesti,
634 2031 685 2098 cui
699 2031 823 2097 formae
837 2029 1054 2116 interpolator
1067 2034 1183 2117 postea

125 2133 273 2206 librarius
291 2131 561 2206 assimilationem
579 2137 699 2226 induit3
717 2137 870 2206 similiter
887 2137 1096 2205 inPuteaneo
1109 2137 1182 2225 ipso
1316 2213 1319 2218 Ι

125 2244 175 2332 30,
195 2245 228 2332 5,
248 2248 270 2314 5
292 2248 439 2314 ooneborre
465 2247 499 2314 in
525 2247 665 2333 eolleyero
691 2251 881 2334 corruptum
908 2245 1070 2332 reperitur
1096 2267 1183 2314 acce
1253 2247 1255 2253 ’
1339 2245 1341 2250 ’

126 2351 218 2420 dente
239 2353 425 2420 litterarum
442 2352 471 2424 0
487 2357 521 2422 et
540 2353 572 2422 G
594 2353 783 2422 confusione
805 2353 1079 2440 frequentissima
1116 2351 1204 2419 Ma

126 2457 212 2526 xima
232 2465 341 2527 autem
363 2465 415 2528 est
433 2461 527 2548 copia
544 2485 657 2529 eorum
674 2462 830 2547 locorum,
849 2460 907 2527 ubi
925 2460 1183 2548 praepositiones

128 2561 189 2653 (od,
207 2567 251 2654 in,
267 2567 332 2653 surb,
350 2563 400 2655 ob)
423 2567 457 2634 in
479 2569 644 2636 codicibus
663 2567 843 2656 decipiente
861 2567 1002 2636 maxime
1021 2568 1185 2655 scriptura

127 2673 277 2740 continua
299 2695 374 2740 cnm
396 2673 582 2742 nominibus
605 2675 673 2742 suis
696 2676 745 2742 ita
767 2676 971 2763 coaluerunt,
998 2680 1036 2741 ut
1059 2675 1185 2742 assimi-

128 2777 283 2848 lationem
305 2781 487 2869 reciperent
509 2779 684 2871 (ottueudos
706 2813 747 2839 a·
770 2785 814 2852 od
835 2785 969 2870 tuendos,
983 2783 1124 2868 'impuris
1142 2813 1185 2838 -

128 2885 161 2953 iu
183 2889 290 2975 purte,
314 2884 501 2976 mplreltcbus
523 2921 566 2946 -
587 2891 644 2960 ssd
664 2891 799 2977 pellibus
825 2887 915 2980 cet),
946 2913 1028 2978 quae
1054 2889 1185 2978 proprie

128 2993 233 3064 locum
253 2997 355 3065 babet
374 2997 410 3066 in
432 2999 503 3067 sola
523 3001 697 3069 verborum
715 2999 961 3088 compositione,
985 3003 1023 3066 ut
1041 3000 1188 3085 ottinpere

130 3132 169 3159 ·
190 3105 359 3192 odtr'upere¹
386 3107 526 3194 impenso
548 3109 756 3194 -inpenso,
781 3113 938 3193 suppetere
962 3137 1002 3164 -
1025 3107 1185 3193 subpriore.

130 3207 227 3279 Cuius
248 3212 296 3280 rei
318 3215 466 3304 exempla
487 3217 645 3304 praebent
667 3215 768 3283 etiam
791 3215 881 3282 tituli
900 3214 1010 3305 graeci
1028 3215 1187 3303 latinique

130 3317 163 3385 in
179 3319 218 3388 ἐν
240 3327 274 3388 et
294 3323 331 3389 in
353 3323 659 3418 praepositionibus,
681 3323 773 3390 velut
795 3321 835 3410 ἐμ
848 3320 943 3390 πόλει
968 3353 1009 3378 -
1033 3321 1071 3390 ἐν
1092 3317 1188 3390 πόλει

129 3422 176 3514 (u.
195 3425 222 3494 I.
239 3427 279 3496 Δ.
302 3430 355 3516 21,
377 3429 408 3496 9.
431 3431 487 3517 27,
509 3431 530 3498 6
553 3426 638 3520 oet),
661 3427 701 3518 ἐμ
719 3430 905 3522 πρυτανείῳ
930 3459 972 3487 ι-
996 3428 1033 3499 tv
1055 3433 1189 3513 Horou·
1326 3441 1329 3451 '

130 3535 207 3626 νεῖφ
228 3533 288 3622 (ib.
311 3539 342 3625 8,
363 3537 411 3627 4),
433 3535 473 3624 ἐμ
494 3533 625 3627 Μελίτῃ
650 3567 692 3595 -
716 3535 753 3605 ἐν
776 3537 908 3628 Μελέτη
932 3535 990 3626 (ib.
1012 3538 1117 3624 3242,
1138 3537 1188 3605 10.

133 3643 172 3710 12
189 3641 274 3734 cet),
296 3643 334 3712 u
351 3645 468 3737 Αίνθφ
487 3673 530 3701 -
548 3644 585 3713 ἐν
603 3647 720 3738 Λίνδῳ
743 3643 802 3736 (ib.
815 3645 891 3735 237,
911 3643 977 3736 18),
995 3644 1033 3733 ἐγ
1044 3639 1189 3736 udalp’)

132 3756 342 3774 m

191 3815 195 3822 ·
216 3804 244 3876 ι)
260 3799 333 3860 rem
350 3801 429 3862 cm.
447 3803 475 3860 e.
493 3819 521 3876 ς.
539 3809 565 3876 a,
583 3808 627 3871 rs,
648 3811 662 3862 ι
686 3819 783 3862 omna
804 3805 885 3864 aas.
907 3805 1030 3864 eum·
1050 3801 1189 3876 pransu
1250 3781 1254 3786 ’

133 3903 184 3962 pro
199 3891 340 3951 φήσασα.
1004 3955 1006 3960 Ι
1215 3899 1225 3912 =

215 3983 245 4053 ί)
260 3981 329 4040 lade
346 3979 512 4056 explicatur,
529 3979 606 4054 quod
619 3979 701 4042 Pace.
716 3989 742 4055 t,
755 3989 797 4055 lt,
816 3990 849 4042 tl
868 3979 957 4042 oodex
970 3979 1125 4078 Vaticanus
1143 3996 1189 4040 ex·
