2766 4550
520 309 734 376 ..30-

97 472 322 542 conclusimus
363 471 425 539 hoc
460 471 539 539 olim
573 470 755 539 observatis
794 470 986 559 quibusdem
1025 469 1159 559 mendis,

98 580 215 666 quibus
248 580 313 648 loci
344 578 471 646 Liviani
507 579 668 665 inquinati
705 583 793 664 sunt,
828 579 918 646 velut
953 577 1042 665 inde,
1073 579 1158 666 quod

98 685 152 772 30,
175 683 269 773 34,6
305 681 340 752 iu
376 683 594 774 compluribus
630 682 721 754 codd.
757 681 935 752 infinitivus
972 681 1158 774 historicus,

33 783 37 794 ¹
99 815 193 880 quem
212 797 344 880 vocant,
367 793 503 880 resupirc
519 817 618 882 prave
632 817 692 882 pro
706 791 849 881 perfecto
864 788 1030 883 (reserpere)
1049 814 1159 880 accep·

98 905 152 968 tns
179 905 324 970 motetus
351 906 442 971 extat
464 902 498 968 in
521 903 714 989 resceperunt:
740 900 775 968 in
798 901 870 990 ipso
893 907 1001 968 autem
1024 900 1158 990 negotio

98 1005 153 1076 hic
175 1009 390 1098 interpolator
408 1009 665 1099 deprehenditur,
687 1010 805 1099 quippe
824 1009 880 1098 qui
897 1009 996 1096 perulo
1014 1012 1091 1098 post
1109 1031 1157 1076 se·

97 1120 247 1202 quentem
275 1117 471 1185 infinitivum
499 1119 620 1185 caedere
646 1117 805 1186 intactum
827 1117 1004 1205 reliquerit.
1049 1113 1157 1184 Simili

96 1225 212 1293 mendo
244 1225 430 1294 aberratum
462 1225 589 1293 videtur
611 1227 664 1314 37,
683 1227 774 1314 51‚9
802 1227 836 1294 in
864 1226 954 1296 codd.
981 1223 1096 1294 Bamb.
1123 1229 1157 1293 et

96 1329 184 1422 Mog.
195 1356 256 1422 pro
269 1356 292 1402 o
303 1339 398 1401 octcrc
407 1334 507 1420 soom,
525 1333 642 1421 quibus
656 1333 764 1402 verbis
779 1333 977 1422 respondent
990 1333 1157 1420 superiora

95 1461 117 1507 o
143 1443 255 1509 recenti
284 1448 378 1529 mdo,
409 1447 585 1511 averterunt
612 1441 703 1526 soma
729 1441 972 1528 exhibentibus,
1004 1463 1087 1529 quse
1115 1443 1154 1508 A.

97 1546 234 1616 Rubenii
256 1555 307 1616 est
329 1549 516 1616 felicissima
538 1549 734 1617 emendatior
761 1548 881 1616 dudum
908 1547 989 1615 mihi
1010 1549 1156 1634 persuasi

96 1651 131 1719 in
151 1655 273 1723 erubet
294 1655 395 1723 fuisse
416 1661 549 1724 coenem
571 1678 631 1743 pro
654 1679 676 1722 a
696 1651 822 1745 oetere¹)
850 1658 892 1741 et,
920 1677 993 1721 cnm
1022 1655 1157 1722 casoro

97 1763 204 1831 nescio
222 1785 286 1850 quo
304 1767 401 1852 pacto
419 1763 622 1832 intellectum
636 1766 722 1830 esset
734 1763 914 1850 perfectum
927 1767 1070 1848 coetero,
1088 1761 1156 1830 vul·
1266 1763 1270 1770 ’

61 1947 67 1952 ,
98 1889 205 1956 garam
228 1871 367 1938 formam
388 1877 563 1940 oocrtcrom
585 1894 605 1939 a
626 1870 760 1938 librario
784 1892 854 1938 csse
877 1870 1062 1956 repositam.

183 1979 289 2066 Atque
310 1978 390 2047 baec
411 2002 478 2047 non
495 1980 530 2047 in
552 1979 632 2068 ipsis
656 1979 746 2048 codd.
760 1977 924 2047 Puteeneo
943 1981 976 2044 et
989 1975 1155 2043 Vindobo-

97 2085 188 2153 nensi
205 2089 278 2154 ortu
296 2087 411 2154 saltem
433 2109 500 2155 non
518 2088 626 2155 omnia
648 2111 728 2176 esse,
751 2087 808 2155 sed
827 2087 862 2154 in
880 2084 1063 2173 antiquiore
1086 2084 1152 2150 iam

41 2267 44 2274 ,
98 2193 204 2263 codice
235 2193 405 2283 probabile
436 2195 475 2262 fit
510 2195 732 2284 compluribus
764 2193 934 2287 exemplis,
965 2191 1022 2261 ubi
1052 2192 1152 2260 latius
1181 2273 1194 2284 .

100 2307 246 2388 serpente
275 2325 383 2369 errore
410 2302 490 2369 duae
518 2303 673 2371 lectiones
702 2304 830 2370 iunctae
856 2325 923 2370 non
952 2300 1153 2388 primitivam

99 2406 235 2476 formam
266 2410 302 2476 in
328 2409 418 2476 codd
444 2409 510 2476 illis
544 2414 727 2477 servarunt:
764 2413 797 2476 et
822 2409 919 2476 facile
951 2407 1154 2496 intellegitur

100 2513 239 2602 duplices
253 2515 431 2604 scripturas
449 2539 515 2584 non
533 2517 716 2585 intellectas
734 2517 799 2584 iam
818 2515 933 2605 primis
953 2514 1153 2603 temporibus

98 2624 232 2691 retinere
254 2629 353 2710 atque
375 2624 531 2712 impedire
553 2625 706 2692 debuisse
726 2625 892 2712 librarios,
913 2624 962 2692 ita
980 2627 1017 2691 ut
1035 2624 1074 2691 de
1094 2645 1153 2693 sno

98 2727 225 2820 ingenio
242 2739 396 2820 corrupta
413 2734 562 2820 expedire
580 2731 755 2801 studerent.
792 2730 844 2799 Sic
863 2733 992 2818 saepius
1007 2727 1153 2817 syllabae

99 2845 211 2925 rectae,
227 2861 309 2928 quae
327 2840 407 2907 olim
421 2839 658 2927 superscriptae
672 2845 777 2925 erant,
794 2842 909 2926 postea
926 2837 1015 2904 intra
1033 2837 1154 2905 lineam

101 2950 254 3034 receptae,
275 2945 419 3014 librariis
443 2946 582 3034 speciem
604 2947 834 3034 praebuerunt,
856 2951 1024 3032 tamquam
1046 2945 1155 3013 trurmi

100 3071 211 3122 recum
228 3058 346 3140 essent,
367 3053 627 3140 uberrimamque
646 3073 760 3120 ansam
777 3052 934 3120 dederunt
956 3050 996 3119 de
1015 3074 1073 3120 sno
1096 3053 1155 3120 ali·

101 3159 172 3245 qnid
195 3159 371 3248 supplendi
412 3159 511 3228 (luins
533 3159 582 3227 rei
598 3159 726 3228 nullum
748 3158 867 3228 certius
885 3155 1044 3246 habemus
1061 3160 1154 3229 essct

101 3295 306 3314 Q—-n

100 3383 229 3447 destiterit
246 3387 412 3445 &verianus
429 3387 526 3446 rbetcr
541 3389 607 3463 (tlh.
624 3387 760 3446 lat-min.
779 3395 840 3460 868,
859 3390 886 3461 ¹1)
913 3387 1049 3459 cenarit,
1072 3388 1154 3447 codd.

100 3477 184 3534 nani
200 3475 341 3536 Ciceronis
359 3493 455 3536 omnes
472 3479 621 3550 dobdoret,
643 3477 768 3536 isidorus
786 3477 907 3550 deniqne
925 3479 1092 3536 dubitaverit
1109 3495 1155 3535 ex·

101 3559 181 3626 bibet.
218 3565 330 3626 Similes
347 3565 501 3626 lectionum
517 3566 669 3626 officiales
687 3585 704 3626 e
721 3565 803 3626 codd.
821 3565 897 3626 nivii
918 3565 1021 3626 tertiae
1039 3565 1154 3626 decadi·

102 3653 210 3732 collegit
226 3657 319 3716 bucha
336 3655 419 3732 proli
437 3675 465 3731 p.
483 3655 604 3716 cxxrn.
1269 3671 1271 3676 ·

185 3752 213 3819 1)
230 3745 279 3806 sra
295 3743 357 3806 niv.
375 3753 402 3819 9,
420 3752 468 3820 89,
488 3755 520 3806 11
538 3747 570 3806 in
586 3745 728 3821 Parisino,
752 3747 819 3807 Tac.
841 3748 908 3810 bist.
930 3754 956 3818 t.
975 3754 1009 3808 ’ll
1032 3747 1063 3806 in
1079 3745 1154 3805 Med.

102 3837 510 3913 mmmmmlsgitnr,
536 3837 662 3900 ibana
688 3837 1154 3912 1⁶,10ooertcreproot'ctem

103 3917 875 4004 ticam,r,rmrrs‹1.aeoeonpreosocm.
1128 3967 1131 3974 -
