<?xml version="1.0" encoding="UTF-8"?>
<!DOCTYPE html PUBLIC "-//W3C//DTD XHTML 1.0 Transitional//EN"
    "http://www.w3.org/TR/xhtml1/DTD/xhtml1-transitional.dtd">
<html xmlns="http://www.w3.org/1999/xhtml" xml:lang="en" lang="en">
 <head>
  <title>
</title>
<meta http-equiv="Content-Type" content="text/html;charset=utf-8" />
  <meta name='ocr-system' content='tesseract 3.04.00' />
  <meta name='ocr-capabilities' content='ocr_page ocr_carea ocr_par ocr_line ocrx_word'/>
</head>
<body>
  <div class='ocr_page' id='page_1' title='image "./quaestionescrit00heragoog_0065.png"; bbox 0 0 2794 4546; ppageno 0'>
   <div class='ocr_carea' id='block_1_1' title="bbox 621 331 836 398">
    <p class='ocr_par' dir='ltr' id='par_1_1' title="bbox 621 331 836 398">
     <span class='ocr_line' id='line_1_1' title="bbox 621 331 836 398; baseline 0.005 -17"><span class='ocrx_word' id='word_1_1' title='bbox 621 331 836 398; x_wconf 76' lang='grc'>..49-</span> 
     </span>
    </p>
   </div>
   <div class='ocr_carea' id='block_1_2' title="bbox 196 489 1259 690">
    <p class='ocr_par' dir='ltr' id='par_1_2' title="bbox 196 457 1389 696">
     <span class='ocr_line' id='line_1_2' title="bbox 197 489 1258 582; baseline -0.018 -22"><span class='ocrx_word' id='word_1_2' title='bbox 197 491 289 560; x_wconf 83' lang='lat' dir='ltr'><strong>velut</strong></span> <span class='ocrx_word' id='word_1_3' title='bbox 311 490 495 579; x_wconf 86' lang='lat' dir='ltr'><strong>nuperrime</strong></span> <span class='ocrx_word' id='word_1_4' title='bbox 519 489 556 560; x_wconf 92' lang='lat'><strong>0.</strong></span> <span class='ocrx_word' id='word_1_5' title='bbox 576 491 735 560; x_wconf 85' lang='lat' dir='ltr'><strong>Riemann</strong></span> <span class='ocrx_word' id='word_1_6' title='bbox 758 491 860 562; x_wconf 85' lang='lat' dir='ltr'><strong>eiecto</strong></span> <span class='ocrx_word' id='word_1_7' title='bbox 883 497 922 560; x_wconf 90' lang='lat' dir='ltr'><strong>ut</strong></span> <span class='ocrx_word' id='word_1_8' title='bbox 943 492 1140 582; x_wconf 65' lang='lat' dir='ltr'><strong>glossemate</strong></span> <span class='ocrx_word' id='word_1_9' title='bbox 1162 515 1258 562; x_wconf 58' lang='lat' dir='ltr'>voca.</span> 
     </span>
     <span class='ocr_line' id='line_1_3' title="bbox 196 600 1259 690; baseline -0.005 -24"><span class='ocrx_word' id='word_1_10' title='bbox 196 601 276 668; x_wconf 90' lang='lat' dir='ltr'><strong>bulo</strong></span> <span class='ocrx_word' id='word_1_11' title='bbox 303 600 579 689; x_wconf 65' lang='lat' dir='ltr'><strong>hodes,quon1m</strong></span> <span class='ocrx_word' id='word_1_12' title='bbox 606 600 803 689; x_wconf 78' lang='lat' dir='ltr'><strong>significatio</strong></span> <span class='ocrx_word' id='word_1_13' title='bbox 833 603 946 669; x_wconf 88' lang='lat' dir='ltr'><strong>abesse</strong></span> <span class='ocrx_word' id='word_1_14' title='bbox 974 603 1105 670; x_wconf 89' lang='lat' dir='ltr'><strong>omniuo</strong></span> <span class='ocrx_word' id='word_1_15' title='bbox 1131 602 1259 690; x_wconf 86' lang='lat' dir='ltr'><strong>nequit,</strong></span> 
     </span>
    </p>
   </div>
   <div class='ocr_carea' id='block_1_3' title="bbox 8 707 1389 1136">
    <p class='ocr_par' dir='ltr' id='par_1_3' title="bbox 105 707 1389 804">
     <span class='ocr_line' id='line_1_4' title="bbox 105 707 1389 804; baseline 0 -28"><span class='ocrx_word' id='word_1_16' title='bbox 105 711 109 719; x_wconf 86' lang='lat'>&#39;</span> <span class='ocrx_word' id='word_1_17' title='bbox 152 747 156 756; x_wconf 91' lang='lat'><em>·</em></span> <span class='ocrx_word' id='word_1_18' title='bbox 191 729 292 794; x_wconf 66' lang='lat' dir='ltr'><strong>neom</strong></span> <span class='ocrx_word' id='word_1_19' title='bbox 313 707 525 778; x_wconf 69' lang='lat' dir='ltr'><strong>libamentis</strong></span> <span class='ocrx_word' id='word_1_20' title='bbox 545 710 753 796; x_wconf 75' lang='lat' dir='ltr'><strong>quadrupiuto</strong></span> <span class='ocrx_word' id='word_1_21' title='bbox 771 710 861 776; x_wconf 65' lang='lat' dir='ltr'><strong>mezu</strong></span> <span class='ocrx_word' id='word_1_22' title='bbox 878 709 1015 778; x_wconf 75' lang='lat' dir='ltr'><strong>obstitm</strong></span> <span class='ocrx_word' id='word_1_23' title='bbox 1032 709 1130 778; x_wconf 80' lang='lat' dir='ltr'>scribi</span> <span class='ocrx_word' id='word_1_24' title='bbox 1149 709 1259 798; x_wconf 89' lang='lat' dir='ltr'><strong>iussit,</strong></span> <span class='ocrx_word' id='word_1_25' title='bbox 1388 727 1389 804; x_wconf 24' lang='grc' dir='ltr'>ᾖ</span> 
     </span>
    </p>

    <p class='ocr_par' dir='ltr' id='par_1_4' title="bbox 8 807 1389 1136">
     <span class='ocr_line' id='line_1_5' title="bbox 8 807 1258 907; baseline 0.002 -24"><span class='ocrx_word' id='word_1_26' title='bbox 8 807 9 850; x_wconf 60' lang='lat'><strong>³</strong></span> <span class='ocrx_word' id='word_1_27' title='bbox 105 874 108 881; x_wconf 96' lang='lat'>.</span> <span class='ocrx_word' id='word_1_28' title='bbox 190 821 366 904; x_wconf 82' lang='lat' dir='ltr'><strong>tamquam</strong></span> <span class='ocrx_word' id='word_1_29' title='bbox 395 818 529 907; x_wconf 86' lang='lat' dir='ltr'><strong>propius</strong></span> <span class='ocrx_word' id='word_1_30' title='bbox 557 819 598 890; x_wconf 88' lang='lat' dir='ltr'><strong>ad</strong></span> <span class='ocrx_word' id='word_1_31' title='bbox 621 817 741 886; x_wconf 83' lang='lat' dir='ltr'><strong>codicis</strong></span> <span class='ocrx_word' id='word_1_32' title='bbox 765 816 839 885; x_wconf 89' lang='lat' dir='ltr'><strong>Put.</strong></span> <span class='ocrx_word' id='word_1_33' title='bbox 862 819 1057 906; x_wconf 74' lang='lat' dir='ltr'><strong>scripturam</strong></span> <span class='ocrx_word' id='word_1_34' title='bbox 1079 819 1258 906; x_wconf 85' lang='lat' dir='ltr'><strong>accederet,</strong></span> 
     </span>
     <span class='ocr_line' id='line_1_6' title="bbox 79 925 1389 1014; baseline 0 -21"><span class='ocrx_word' id='word_1_35' title='bbox 79 1006 82 1014; x_wconf 81' lang='lat'>.</span> <span class='ocrx_word' id='word_1_36' title='bbox 196 948 280 1012; x_wconf 90' lang='lat' dir='ltr'><strong>quae</strong></span> <span class='ocrx_word' id='word_1_37' title='bbox 310 927 395 994; x_wconf 83' lang='lat' dir='ltr'><strong>falsa</strong></span> <span class='ocrx_word' id='word_1_38' title='bbox 421 927 532 1013; x_wconf 89' lang='lat' dir='ltr'><strong>opinio</strong></span> <span class='ocrx_word' id='word_1_39' title='bbox 559 925 680 1012; x_wconf 82' lang='lat' dir='ltr'><strong>effecit,</strong></span> <span class='ocrx_word' id='word_1_40' title='bbox 709 929 747 992; x_wconf 90' lang='lat' dir='ltr'><strong>ut</strong></span> <span class='ocrx_word' id='word_1_41' title='bbox 775 925 908 993; x_wconf 79' lang='lat' dir='ltr'><strong>ludicris</strong></span> <span class='ocrx_word' id='word_1_42' title='bbox 932 927 1122 994; x_wconf 88' lang='lat' dir='ltr'><strong>commentis</strong></span> <span class='ocrx_word' id='word_1_43' title='bbox 1144 925 1257 994; x_wconf 85' lang='lat' dir='ltr'><strong>vexari</strong></span> <span class='ocrx_word' id='word_1_44' title='bbox 1388 1003 1389 1006; x_wconf 8' lang='grc' dir='ltr'><strong>Ἴ</strong></span> 
     </span>
     <span class='ocr_line' id='line_1_7' title="bbox 191 1032 1389 1136; baseline 0 -36"><span class='ocrx_word' id='word_1_45' title='bbox 191 1033 287 1102; x_wconf 84' lang='lat' dir='ltr'><strong>loeus</strong></span> <span class='ocrx_word' id='word_1_46' title='bbox 305 1035 449 1101; x_wconf 91' lang='lat' dir='ltr'><strong>nondum</strong></span> <span class='ocrx_word' id='word_1_47' title='bbox 468 1033 609 1102; x_wconf 87' lang='lat' dir='ltr'><strong>desierit.</strong></span> <span class='ocrx_word' id='word_1_48' title='bbox 640 1032 692 1100; x_wconf 79' lang='lat' dir='ltr'><strong>Ex</strong></span> <span class='ocrx_word' id='word_1_49' title='bbox 710 1033 814 1100; x_wconf 88' lang='lat' dir='ltr'><strong>altera</strong></span> <span class='ocrx_word' id='word_1_50' title='bbox 832 1055 959 1120; x_wconf 88' lang='lat' dir='ltr'><strong>quoque</strong></span> <span class='ocrx_word' id='word_1_51' title='bbox 977 1037 1070 1120; x_wconf 84' lang='lat' dir='ltr'><strong>parte</strong></span> <span class='ocrx_word' id='word_1_52' title='bbox 1087 1033 1141 1100; x_wconf 90' lang='lat' dir='ltr'><strong>hic</strong></span> <span class='ocrx_word' id='word_1_53' title='bbox 1162 1033 1257 1102; x_wconf 88' lang='lat' dir='ltr'><strong>locus</strong></span> <span class='ocrx_word' id='word_1_54' title='bbox 1388 1121 1389 1136; x_wconf 11' lang='grc' dir='ltr'>χ</span> 
     </span>
    </p>
   </div>
   <div class='ocr_carea' id='block_1_4' title="bbox 84 1139 1260 1234">
    <p class='ocr_par' dir='ltr' id='par_1_5' title="bbox 84 1139 1260 1234">
     <span class='ocr_line' id='line_1_8' title="bbox 84 1139 1260 1234; baseline 0.005 -34"><span class='ocrx_word' id='word_1_55' title='bbox 84 1179 88 1200; x_wconf 77' lang='grc'>.</span> <span class='ocrx_word' id='word_1_56' title='bbox 192 1141 314 1230; x_wconf 79' lang='lat' dir='ltr'><strong>dignus</strong></span> <span class='ocrx_word' id='word_1_57' title='bbox 341 1145 406 1226; x_wconf 84' lang='lat' dir='ltr'><strong>ert,</strong></span> <span class='ocrx_word' id='word_1_58' title='bbox 433 1139 489 1226; x_wconf 91' lang='lat' dir='ltr'><strong>qui</strong></span> <span class='ocrx_word' id='word_1_59' title='bbox 516 1144 658 1207; x_wconf 83' lang='lat' dir='ltr'><strong>notetur.</strong></span> <span class='ocrx_word' id='word_1_60' title='bbox 703 1139 883 1207; x_wconf 83' lang='lat' dir='ltr'><strong>Maximum</strong></span> <span class='ocrx_word' id='word_1_61' title='bbox 910 1140 999 1207; x_wconf 88' lang='lat' dir='ltr'><strong>enim</strong></span> <span class='ocrx_word' id='word_1_62' title='bbox 1025 1139 1106 1206; x_wconf 89' lang='lat' dir='ltr'><strong>mihi</strong></span> <span class='ocrx_word' id='word_1_63' title='bbox 1127 1139 1260 1234; x_wconf 81' lang='lat' dir='ltr'><strong>videtur</strong></span> 
     </span>
    </p>
   </div>
   <div class='ocr_carea' id='block_1_5' title="bbox 46 1245 1389 1548">
    <p class='ocr_par' dir='ltr' id='par_1_6' title="bbox 46 1245 1389 1548">
     <span class='ocr_line' id='line_1_9' title="bbox 171 1245 1259 1335; baseline 0.001 -21"><span class='ocrx_word' id='word_1_64' title='bbox 171 1245 266 1314; x_wconf 86' lang='lat' dir='ltr'><strong>¹esse</strong></span> <span class='ocrx_word' id='word_1_65' title='bbox 285 1247 515 1314; x_wconf 89' lang='lat' dir='ltr'><strong>documentum</strong></span> <span class='ocrx_word' id='word_1_66' title='bbox 529 1246 751 1334; x_wconf 89' lang='lat' dir='ltr'><strong>simplicitatis</strong></span> <span class='ocrx_word' id='word_1_67' title='bbox 766 1269 804 1315; x_wconf 89' lang='lat' dir='ltr'><strong>ac</strong></span> <span class='ocrx_word' id='word_1_68' title='bbox 821 1246 1006 1335; x_wconf 71' lang='lat' dir='ltr'><strong>primitivae</strong></span> <span class='ocrx_word' id='word_1_69' title='bbox 1021 1246 1145 1314; x_wconf 77' lang='lat' dir='ltr'><strong>formae</strong></span> <span class='ocrx_word' id='word_1_70' title='bbox 1158 1247 1259 1314; x_wconf 90' lang='lat' dir='ltr'><strong>inter·</strong></span> 
     </span>
     <span class='ocr_line' id='line_1_10' title="bbox 46 1353 1389 1455; baseline 0.005 -39"><span class='ocrx_word' id='word_1_71' title='bbox 46 1391 66 1455; x_wconf 72' lang='grc' dir='ltr'><strong>.Ι</strong></span> <span class='ocrx_word' id='word_1_72' title='bbox 193 1354 414 1442; x_wconf 89' lang='lat' dir='ltr'><strong>polatiouum,</strong></span> <span class='ocrx_word' id='word_1_73' title='bbox 441 1355 470 1421; x_wconf 86' lang='lat' dir='ltr'><strong>si</strong></span> <span class='ocrx_word' id='word_1_74' title='bbox 493 1377 575 1442; x_wconf 89' lang='lat' dir='ltr'><strong>quae</strong></span> <span class='ocrx_word' id='word_1_75' title='bbox 597 1355 710 1422; x_wconf 88' lang='lat' dir='ltr'><strong>insunt</strong></span> <span class='ocrx_word' id='word_1_76' title='bbox 732 1354 767 1424; x_wconf 91' lang='lat' dir='ltr'><strong>iu</strong></span> <span class='ocrx_word' id='word_1_77' title='bbox 790 1353 926 1442; x_wconf 85' lang='lat' dir='ltr'><strong>antiquo</strong></span> <span class='ocrx_word' id='word_1_78' title='bbox 949 1353 1058 1423; x_wconf 88' lang='lat' dir='ltr'><strong>codice</strong></span> <span class='ocrx_word' id='word_1_79' title='bbox 1080 1353 1258 1422; x_wconf 86' lang='lat' dir='ltr'><strong>Puteaneo.</strong></span> <span class='ocrx_word' id='word_1_80' title='bbox 1388 1355 1389 1440; x_wconf 84' lang='lat' dir='ltr'>j</span> 
     </span>
     <span class='ocr_line' id='line_1_11' title="bbox 68 1451 1389 1548; baseline -0.001 -20"><span class='ocrx_word' id='word_1_81' title='bbox 68 1451 72 1460; x_wconf 82' lang='grc'><strong>’</strong></span> <span class='ocrx_word' id='word_1_82' title='bbox 194 1461 285 1528; x_wconf 90' lang='lat' dir='ltr'><strong>Haec</strong></span> <span class='ocrx_word' id='word_1_83' title='bbox 318 1461 512 1548; x_wconf 89' lang='lat' dir='ltr'><strong>simplicitas</strong></span> <span class='ocrx_word' id='word_1_84' title='bbox 543 1461 703 1548; x_wconf 87' lang='lat' dir='ltr'><strong>probatur</strong></span> <span class='ocrx_word' id='word_1_85' title='bbox 734 1483 813 1528; x_wconf 84' lang='lat' dir='ltr'><strong>voce</strong></span> <span class='ocrx_word' id='word_1_86' title='bbox 844 1461 954 1546; x_wconf 80' lang='lat' dir='ltr'><strong>lwstcs,</strong></span> <span class='ocrx_word' id='word_1_87' title='bbox 990 1483 1087 1548; x_wconf 91' lang='lat' dir='ltr'><strong>quae,</strong></span> <span class='ocrx_word' id='word_1_88' title='bbox 1118 1462 1147 1528; x_wconf 91' lang='lat' dir='ltr'><strong>si</strong></span> <span class='ocrx_word' id='word_1_89' title='bbox 1177 1461 1258 1548; x_wconf 84' lang='lat' dir='ltr'><strong>nlla,</strong></span> <span class='ocrx_word' id='word_1_90' title='bbox 1388 1465 1389 1476; x_wconf 76' lang='grc'>’</span> 
     </span>
    </p>
   </div>
   <div class='ocr_carea' id='block_1_6' title="bbox 191 1569 1259 1767">
    <p class='ocr_par' dir='ltr' id='par_1_7' title="bbox 191 1569 1259 1767">
     <span class='ocr_line' id='line_1_12' title="bbox 191 1569 1259 1668; baseline -0.001 -31"><span class='ocrx_word' id='word_1_91' title='bbox 191 1570 337 1659; x_wconf 83' lang='lat' dir='ltr'><strong>&#39;genuina</strong></span> <span class='ocrx_word' id='word_1_92' title='bbox 359 1573 424 1656; x_wconf 91' lang='lat' dir='ltr'><strong>est,</strong></span> <span class='ocrx_word' id='word_1_93' title='bbox 450 1569 499 1636; x_wconf 92' lang='lat' dir='ltr'><strong>ita</strong></span> <span class='ocrx_word' id='word_1_94' title='bbox 520 1574 558 1637; x_wconf 92' lang='lat' dir='ltr'><strong>ut</strong></span> <span class='ocrx_word' id='word_1_95' title='bbox 577 1569 671 1668; x_wconf 86' lang='lat' dir='ltr'><strong>nullo</strong></span> <span class='ocrx_word' id='word_1_96' title='bbox 693 1573 791 1657; x_wconf 89' lang='lat' dir='ltr'><strong>pacto</strong></span> <span class='ocrx_word' id='word_1_97' title='bbox 814 1569 946 1640; x_wconf 85' lang='lat' dir='ltr'><strong>initium</strong></span> <span class='ocrx_word' id='word_1_98' title='bbox 968 1569 1158 1638; x_wconf 86' lang='lat' dir='ltr'><strong>emendandi</strong></span> <span class='ocrx_word' id='word_1_99' title='bbox 1180 1569 1259 1637; x_wconf 90' lang='lat' dir='ltr'><strong>iude</strong></span> 
     </span>
     <span class='ocr_line' id='line_1_13' title="bbox 192 1675 1259 1767; baseline 0 -23"><span class='ocrx_word' id='word_1_100' title='bbox 192 1677 378 1746; x_wconf 81' lang='lat' dir='ltr'><strong>iaciendum</strong></span> <span class='ocrx_word' id='word_1_101' title='bbox 401 1677 455 1745; x_wconf 90' lang='lat' dir='ltr'><strong>sit.</strong></span> <span class='ocrx_word' id='word_1_102' title='bbox 487 1675 574 1744; x_wconf 86' lang='lat' dir='ltr'><strong>Nam</strong></span> <span class='ocrx_word' id='word_1_103' title='bbox 591 1700 636 1740; x_wconf 76' lang='lat' dir='ltr'><strong>s*</strong></span> <span class='ocrx_word' id='word_1_104' title='bbox 650 1676 783 1762; x_wconf 75' lang='lat' dir='ltr'><strong>tortium</strong></span> <span class='ocrx_word' id='word_1_105' title='bbox 801 1675 968 1767; x_wconf 86' lang='lat' dir='ltr'><strong>(uumerus</strong></span> <span class='ocrx_word' id='word_1_106' title='bbox 992 1678 1032 1745; x_wconf 88' lang='lat' dir='ltr'><strong>ad</strong></span> <span class='ocrx_word' id='word_1_107' title='bbox 1053 1678 1137 1746; x_wconf 88' lang='lat' dir='ltr'><strong>hauc</strong></span> <span class='ocrx_word' id='word_1_108' title='bbox 1160 1699 1259 1764; x_wconf 86' lang='lat' dir='ltr'><strong>quae·</strong></span> 
     </span>
    </p>
   </div>
   <div class='ocr_carea' id='block_1_7' title="bbox 121 1781 1389 1876">
    <p class='ocr_par' dir='ltr' id='par_1_8' title="bbox 121 1781 1389 1876">
     <span class='ocr_line' id='line_1_14' title="bbox 121 1781 1389 1876; baseline 0.002 -24"><span class='ocrx_word' id='word_1_109' title='bbox 121 1789 136 1818; x_wconf 83' lang='grc'><strong>’·</strong></span> <span class='ocrx_word' id='word_1_110' title='bbox 193 1785 336 1852; x_wconf 86' lang='lat' dir='ltr'><strong>ationem</strong></span> <span class='ocrx_word' id='word_1_111' title='bbox 362 1785 445 1852; x_wconf 91' lang='lat' dir='ltr'><strong>nihil</strong></span> <span class='ocrx_word' id='word_1_112' title='bbox 472 1781 629 1876; x_wconf 75' lang='lat' dir='ltr'><strong>pertinet)</strong></span> <span class='ocrx_word' id='word_1_113' title='bbox 658 1785 715 1874; x_wconf 92' lang='lat' dir='ltr'><strong>qui</strong></span> <span class='ocrx_word' id='word_1_114' title='bbox 743 1790 885 1873; x_wconf 86' lang='lat' dir='ltr'><strong>mutant,</strong></span> <span class='ocrx_word' id='word_1_115' title='bbox 917 1785 1078 1874; x_wconf 92' lang='lat' dir='ltr'><strong>quomodo</strong></span> <span class='ocrx_word' id='word_1_116' title='bbox 1111 1807 1259 1854; x_wconf 78' lang='lat' dir='ltr'><strong>emerem</strong></span> <span class='ocrx_word' id='word_1_117' title='bbox 1388 1799 1389 1816; x_wconf 65' lang='lat'>¹</span> 
     </span>
    </p>
   </div>
   <div class='ocr_carea' id='block_1_8' title="bbox 187 1891 1260 2095">
    <p class='ocr_par' dir='ltr' id='par_1_9' title="bbox 187 1891 1260 2095">
     <span class='ocr_line' id='line_1_15' title="bbox 193 1891 1260 1984; baseline 0.003 -26"><span class='ocrx_word' id='word_1_118' title='bbox 193 1891 381 1980; x_wconf 80' lang='lat' dir='ltr'><strong>explicant?</strong></span> <span class='ocrx_word' id='word_1_119' title='bbox 425 1893 589 1962; x_wconf 85' lang='lat' dir='ltr'><strong>Putantne</strong></span> <span class='ocrx_word' id='word_1_120' title='bbox 622 1918 661 1962; x_wconf 84' lang='lat' dir='ltr'><strong>ex</strong></span> <span class='ocrx_word' id='word_1_121' title='bbox 695 1916 754 1962; x_wconf 92' lang='lat' dir='ltr'><strong>suo</strong></span> <span class='ocrx_word' id='word_1_122' title='bbox 786 1894 917 1984; x_wconf 80' lang='lat' dir='ltr'><strong>ingenio</strong></span> <span class='ocrx_word' id='word_1_123' title='bbox 940 1893 1097 1962; x_wconf 60' lang='lat' dir='ltr'><strong>*sardia</strong></span> <span class='ocrx_word' id='word_1_124' title='bbox 1123 1892 1260 1961; x_wconf 75' lang='lat' dir='ltr'><strong>hostium</strong></span> 
     </span>
     <span class='ocr_line' id='line_1_16' title="bbox 187 1999 1259 2095; baseline 0.003 -29"><span class='ocrx_word' id='word_1_125' title='bbox 187 1999 366 2095; x_wconf 29' lang='lat' dir='ltr'><strong>‚librarium</strong></span> <span class='ocrx_word' id='word_1_126' title='bbox 389 2002 567 2070; x_wconf 80' lang='lat' dir='ltr'><strong>correxisse</strong></span> <span class='ocrx_word' id='word_1_127' title='bbox 590 2003 625 2070; x_wconf 93' lang='lat' dir='ltr'><strong>in</strong></span> <span class='ocrx_word' id='word_1_128' title='bbox 647 2003 797 2070; x_wconf 71' lang='lat' dir='ltr'><strong>sensilia</strong></span> <span class='ocrx_word' id='word_1_129' title='bbox 818 2001 935 2076; x_wconf 62' lang='lat' dir='ltr'><strong>locabo?</strong></span> <span class='ocrx_word' id='word_1_130' title='bbox 976 1999 1095 2070; x_wconf 77' lang='lat' dir='ltr'><strong>Credat</strong></span> <span class='ocrx_word' id='word_1_131' title='bbox 1117 2000 1259 2070; x_wconf 87' lang='lat' dir='ltr'><strong>Iudaeus</strong></span> 
     </span>
    </p>
   </div>
   <div class='ocr_carea' id='block_1_9' title="bbox 192 2106 1258 2195">
    <p class='ocr_par' dir='ltr' id='par_1_10' title="bbox 192 2099 1389 2206">
     <span class='ocr_line' id='line_1_17' title="bbox 192 2106 1258 2195; baseline 0.006 -19"><span class='ocrx_word' id='word_1_132' title='bbox 192 2106 320 2195; x_wconf 81' lang='lat' dir='ltr'><strong>Apella</strong></span> <span class='ocrx_word' id='word_1_133' title='bbox 365 2109 582 2178; x_wconf 80' lang='lat' dir='ltr'><strong>Econtrurio</strong></span> <span class='ocrx_word' id='word_1_134' title='bbox 611 2110 764 2179; x_wconf 83' lang='lat' dir='ltr'><strong>credibile</strong></span> <span class='ocrx_word' id='word_1_135' title='bbox 787 2110 950 2180; x_wconf 87' lang='lat' dir='ltr'><strong>ridebitur</strong></span> <span class='ocrx_word' id='word_1_136' title='bbox 977 2109 1185 2178; x_wconf 80' lang='lat' dir='ltr'><strong>librariorum</strong></span> <span class='ocrx_word' id='word_1_137' title='bbox 1207 2110 1258 2178; x_wconf 84' lang='lat' dir='ltr'><strong>in·</strong></span> 
     </span>
    </p>
   </div>
   <div class='ocr_carea' id='block_1_10' title="bbox 72 2217 1257 2415">
    <p class='ocr_par' dir='ltr' id='par_1_11' title="bbox 72 2217 1257 2415">
     <span class='ocr_line' id='line_1_18' title="bbox 92 2217 1256 2307; baseline 0.003 -24"><span class='ocrx_word' id='word_1_138' title='bbox 92 2241 94 2245; x_wconf 90' lang='lat'>·</span> <span class='ocrx_word' id='word_1_139' title='bbox 190 2217 290 2306; x_wconf 82' lang='lat' dir='ltr'><strong>genia</strong></span> <span class='ocrx_word' id='word_1_140' title='bbox 312 2224 399 2287; x_wconf 89' lang='lat' dir='ltr'><strong>recte</strong></span> <span class='ocrx_word' id='word_1_141' title='bbox 423 2220 625 2307; x_wconf 90' lang='lat' dir='ltr'><strong>aestimanti,</strong></span> <span class='ocrx_word' id='word_1_142' title='bbox 649 2220 796 2307; x_wconf 85' lang='lat' dir='ltr'><strong>sciolum,</strong></span> <span class='ocrx_word' id='word_1_143' title='bbox 818 2221 917 2287; x_wconf 84' lang='lat' dir='ltr'><strong>verba</strong></span> <span class='ocrx_word' id='word_1_144' title='bbox 939 2241 980 2282; x_wconf 77' lang='lat' dir='ltr'><strong>*s</strong></span> <span class='ocrx_word' id='word_1_145' title='bbox 993 2219 1084 2286; x_wconf 73' lang='lat' dir='ltr'><strong>utilio</strong></span> <span class='ocrx_word' id='word_1_146' title='bbox 1104 2217 1201 2286; x_wconf 67' lang='lat' dir='ltr'><strong>books</strong></span> <span class='ocrx_word' id='word_1_147' title='bbox 1222 2219 1256 2286; x_wconf 90' lang='lat' dir='ltr'><strong>si</strong></span> 
     </span>
     <span class='ocr_line' id='line_1_19' title="bbox 72 2325 1257 2415; baseline 0.002 -24"><span class='ocrx_word' id='word_1_148' title='bbox 72 2367 74 2373; x_wconf 93' lang='lat'>·</span> <span class='ocrx_word' id='word_1_149' title='bbox 191 2325 227 2392; x_wconf 91' lang='lat' dir='ltr'><strong>in</strong></span> <span class='ocrx_word' id='word_1_150' title='bbox 242 2327 389 2414; x_wconf 89' lang='lat' dir='ltr'><strong>exemplo</strong></span> <span class='ocrx_word' id='word_1_151' title='bbox 405 2349 464 2394; x_wconf 89' lang='lat' dir='ltr'><strong>suo</strong></span> <span class='ocrx_word' id='word_1_152' title='bbox 483 2327 673 2415; x_wconf 87' lang='lat' dir='ltr'><strong>invenisset,</strong></span> <span class='ocrx_word' id='word_1_153' title='bbox 693 2327 727 2394; x_wconf 92' lang='lat' dir='ltr'><strong>in</strong></span> <span class='ocrx_word' id='word_1_154' title='bbox 745 2350 784 2390; x_wconf 75' lang='lat' dir='ltr'><strong>s*</strong></span> <span class='ocrx_word' id='word_1_155' title='bbox 798 2328 889 2397; x_wconf 76' lang='lat' dir='ltr'><strong>utilia</strong></span> <span class='ocrx_word' id='word_1_156' title='bbox 905 2326 1037 2395; x_wconf 68' lang='lat' dir='ltr'><strong>tatium</strong></span> <span class='ocrx_word' id='word_1_157' title='bbox 1051 2329 1257 2394; x_wconf 86' lang='lat' dir='ltr'><strong>mutaturum</strong></span> 
     </span>
    </p>
   </div>
   <div class='ocr_carea' id='block_1_11' title="bbox 190 2433 1389 2524">
    <p class='ocr_par' dir='ltr' id='par_1_12' title="bbox 190 2433 1389 2524">
     <span class='ocr_line' id='line_1_20' title="bbox 190 2433 1389 2524; baseline 0.004 -25"><span class='ocrx_word' id='word_1_158' title='bbox 190 2433 308 2523; x_wconf 85' lang='lat' dir='ltr'><strong>fuisse,</strong></span> <span class='ocrx_word' id='word_1_159' title='bbox 335 2458 409 2504; x_wconf 89' lang='lat' dir='ltr'><strong>cum</strong></span> <span class='ocrx_word' id='word_1_160' title='bbox 437 2437 670 2524; x_wconf 82' lang='lat' dir='ltr'><strong>grammaticae</strong></span> <span class='ocrx_word' id='word_1_161' title='bbox 698 2436 818 2503; x_wconf 89' lang='lat' dir='ltr'><strong>rationi</strong></span> <span class='ocrx_word' id='word_1_162' title='bbox 846 2438 978 2506; x_wconf 85' lang='lat' dir='ltr'><strong>obstare</strong></span> <span class='ocrx_word' id='word_1_163' title='bbox 1001 2435 1032 2502; x_wconf 89' lang='lat' dir='ltr'><strong>ei</strong></span> <span class='ocrx_word' id='word_1_164' title='bbox 1054 2435 1256 2504; x_wconf 86' lang='lat' dir='ltr'><strong>riderentur:</strong></span> <span class='ocrx_word' id='word_1_165' title='bbox 1388 2501 1389 2504; x_wconf 74' lang='grc'>,</span> 
     </span>
    </p>
   </div>
   <div class='ocr_carea' id='block_1_12' title="bbox 189 2540 1257 2632">
    <p class='ocr_par' dir='ltr' id='par_1_13' title="bbox 189 2540 1257 2632">
     <span class='ocr_line' id='line_1_21' title="bbox 189 2540 1257 2632; baseline 0.001 -24"><span class='ocrx_word' id='word_1_166' title='bbox 189 2545 235 2608; x_wconf 92' lang='lat' dir='ltr'><strong>et</strong></span> <span class='ocrx_word' id='word_1_167' title='bbox 249 2542 370 2612; x_wconf 85' lang='lat' dir='ltr'><strong>factam</strong></span> <span class='ocrx_word' id='word_1_168' title='bbox 393 2545 539 2612; x_wconf 86' lang='lat' dir='ltr'><strong>videmus</strong></span> <span class='ocrx_word' id='word_1_169' title='bbox 562 2544 646 2612; x_wconf 90' lang='lat' dir='ltr'><strong>hanc</strong></span> <span class='ocrx_word' id='word_1_170' title='bbox 669 2543 956 2632; x_wconf 81' lang='lat' dir='ltr'><strong>interpolationem</strong></span> <span class='ocrx_word' id='word_1_171' title='bbox 978 2543 1013 2611; x_wconf 90' lang='lat' dir='ltr'><strong>in</strong></span> <span class='ocrx_word' id='word_1_172' title='bbox 1035 2544 1104 2612; x_wconf 90' lang='lat' dir='ltr'><strong>cod.</strong></span> <span class='ocrx_word' id='word_1_173' title='bbox 1123 2540 1257 2612; x_wconf 87' lang='lat' dir='ltr'><strong>Colber·</strong></span> 
     </span>
    </p>
   </div>
   <div class='ocr_carea' id='block_1_13' title="bbox 189 2650 1389 2742">
    <p class='ocr_par' dir='ltr' id='par_1_14' title="bbox 189 2650 1389 2742">
     <span class='ocr_line' id='line_1_22' title="bbox 189 2650 1389 2742; baseline 0.001 -27"><span class='ocrx_word' id='word_1_174' title='bbox 189 2650 277 2738; x_wconf 91' lang='lat' dir='ltr'><strong>tino,</strong></span> <span class='ocrx_word' id='word_1_175' title='bbox 311 2653 366 2739; x_wconf 93' lang='lat' dir='ltr'><strong>qui</strong></span> <span class='ocrx_word' id='word_1_176' title='bbox 398 2676 438 2720; x_wconf 87' lang='lat' dir='ltr'><strong>ex</strong></span> <span class='ocrx_word' id='word_1_177' title='bbox 464 2651 629 2719; x_wconf 86' lang='lat' dir='ltr'><strong>Puteaneo</strong></span> <span class='ocrx_word' id='word_1_178' title='bbox 662 2651 770 2720; x_wconf 86' lang='lat' dir='ltr'><strong>fluxit:</strong></span> <span class='ocrx_word' id='word_1_179' title='bbox 801 2673 895 2737; x_wconf 75' lang='lat' dir='ltr'><strong>cropus</strong></span> <span class='ocrx_word' id='word_1_180' title='bbox 923 2652 972 2720; x_wconf 68' lang='lat' dir='ltr'><strong>leis</strong></span> <span class='ocrx_word' id='word_1_181' title='bbox 1000 2655 1133 2718; x_wconf 78' lang='lat' dir='ltr'><strong>sescenta</strong></span> <span class='ocrx_word' id='word_1_182' title='bbox 1160 2651 1254 2717; x_wconf 73' lang='lat' dir='ltr'><strong>anilia</strong></span> <span class='ocrx_word' id='word_1_183' title='bbox 1388 2733 1389 2742; x_wconf 8' lang='grc' dir='ltr'>ἵ</span> 
     </span>
    </p>
   </div>
   <div class='ocr_carea' id='block_1_14' title="bbox 161 2756 1262 3385">
    <p class='ocr_par' dir='ltr' id='par_1_15' title="bbox 161 2756 1262 3385">
     <span class='ocr_line' id='line_1_23' title="bbox 189 2756 1254 2845; baseline 0 -21"><span class='ocrx_word' id='word_1_184' title='bbox 189 2757 324 2826; x_wconf 75' lang='lat' dir='ltr'><strong>bostium</strong></span> <span class='ocrx_word' id='word_1_185' title='bbox 351 2760 497 2827; x_wconf 82' lang='lat' dir='ltr'><strong>obstitere.</strong></span> <span class='ocrx_word' id='word_1_186' title='bbox 543 2759 614 2837; x_wconf 82' lang='lat' dir='ltr'><strong>Quo</strong></span> <span class='ocrx_word' id='word_1_187' title='bbox 642 2758 739 2825; x_wconf 91' lang='lat' dir='ltr'><strong>initio</strong></span> <span class='ocrx_word' id='word_1_188' title='bbox 766 2756 942 2845; x_wconf 84' lang='lat' dir='ltr'><strong>postquam</strong></span> <span class='ocrx_word' id='word_1_189' title='bbox 969 2757 1090 2824; x_wconf 88' lang='lat' dir='ltr'><strong>mutari</strong></span> <span class='ocrx_word' id='word_1_190' title='bbox 1116 2762 1254 2844; x_wconf 87' lang='lat' dir='ltr'><strong>coeptus</strong></span> 
     </span>
     <span class='ocr_line' id='line_1_24' title="bbox 161 2851 1255 2959; baseline -0.002 -27"><span class='ocrx_word' id='word_1_191' title='bbox 161 2954 164 2959; x_wconf 21' lang='grc' dir='ltr'>Ι</span> <span class='ocrx_word' id='word_1_192' title='bbox 190 2869 243 2932; x_wconf 89' lang='lat' dir='ltr'><strong>est</strong></span> <span class='ocrx_word' id='word_1_193' title='bbox 261 2866 353 2934; x_wconf 91' lang='lat' dir='ltr'><strong>locus</strong></span> <span class='ocrx_word' id='word_1_194' title='bbox 372 2872 560 2954; x_wconf 80' lang='lat' dir='ltr'><strong>corruptus,</strong></span> <span class='ocrx_word' id='word_1_195' title='bbox 578 2888 684 2951; x_wconf 89' lang='lat' dir='ltr'><strong>error,</strong></span> <span class='ocrx_word' id='word_1_196' title='bbox 707 2869 745 2932; x_wconf 92' lang='lat' dir='ltr'><strong>ut</strong></span> <span class='ocrx_word' id='word_1_197' title='bbox 763 2865 829 2932; x_wconf 86' lang='lat' dir='ltr'><strong>fere</strong></span> <span class='ocrx_word' id='word_1_198' title='bbox 848 2865 900 2952; x_wconf 91' lang='lat' dir='ltr'><strong>fit,</strong></span> <span class='ocrx_word' id='word_1_199' title='bbox 917 2851 1017 2933; x_wconf 80' lang='lat' dir='ltr'><strong>latius</strong></span> <span class='ocrx_word' id='word_1_200' title='bbox 1036 2867 1173 2954; x_wconf 80' lang='lat' dir='ltr'><strong>vagatus</strong></span> <span class='ocrx_word' id='word_1_201' title='bbox 1191 2867 1255 2950; x_wconf 75' lang='lat' dir='ltr'><strong>est,</strong></span> 
     </span>
     <span class='ocr_line' id='line_1_25' title="bbox 189 2969 1255 3059; baseline -0.004 -20"><span class='ocrx_word' id='word_1_202' title='bbox 189 2973 276 3040; x_wconf 88' lang='lat' dir='ltr'><strong>uude</strong></span> <span class='ocrx_word' id='word_1_203' title='bbox 300 2974 410 3059; x_wconf 86' lang='lat' dir='ltr'><strong>qualia</strong></span> <span class='ocrx_word' id='word_1_204' title='bbox 433 2979 581 3040; x_wconf 87' lang='lat' dir='ltr'><strong>monstra</strong></span> <span class='ocrx_word' id='word_1_205' title='bbox 603 2973 781 3041; x_wconf 87' lang='lat' dir='ltr'><strong>lectionum</strong></span> <span class='ocrx_word' id='word_1_206' title='bbox 804 2977 878 3040; x_wconf 86' lang='lat' dir='ltr'><strong>orta</strong></span> <span class='ocrx_word' id='word_1_207' title='bbox 905 2972 985 3058; x_wconf 87' lang='lat' dir='ltr'><strong>sint,</strong></span> <span class='ocrx_word' id='word_1_208' title='bbox 1013 2970 1182 3058; x_wconf 74' lang='lat' dir='ltr'><strong>apparebit</strong></span> <span class='ocrx_word' id='word_1_209' title='bbox 1203 2969 1255 3036; x_wconf 88' lang='lat' dir='ltr'><strong>iu·</strong></span> 
     </span>
     <span class='ocr_line' id='line_1_26' title="bbox 190 3076 1252 3167; baseline 0 -23"><span class='ocrx_word' id='word_1_210' title='bbox 190 3079 343 3164; x_wconf 88' lang='lat' dir='ltr'><strong>spicienti</strong></span> <span class='ocrx_word' id='word_1_211' title='bbox 366 3080 492 3147; x_wconf 90' lang='lat' dir='ltr'><strong>codices</strong></span> <span class='ocrx_word' id='word_1_212' title='bbox 515 3081 726 3167; x_wconf 88' lang='lat' dir='ltr'><strong>recentiores,</strong></span> <span class='ocrx_word' id='word_1_213' title='bbox 753 3102 827 3148; x_wconf 89' lang='lat' dir='ltr'><strong>cum</strong></span> <span class='ocrx_word' id='word_1_214' title='bbox 855 3101 993 3167; x_wconf 88' lang='lat' dir='ltr'><strong>quoram</strong></span> <span class='ocrx_word' id='word_1_215' title='bbox 1015 3078 1132 3146; x_wconf 87' lang='lat' dir='ltr'><strong>scribis</strong></span> <span class='ocrx_word' id='word_1_216' title='bbox 1154 3076 1252 3145; x_wconf 89' lang='lat' dir='ltr'><strong>hodie</strong></span> 
     </span>
     <span class='ocr_line' id='line_1_27' title="bbox 192 3183 1262 3276; baseline 0 -24"><span class='ocrx_word' id='word_1_217' title='bbox 192 3207 320 3274; x_wconf 90' lang='lat' dir='ltr'><strong>quoque</strong></span> <span class='ocrx_word' id='word_1_218' title='bbox 353 3192 431 3254; x_wconf 90' lang='lat' dir='ltr'><strong>sunt</strong></span> <span class='ocrx_word' id='word_1_219' title='bbox 467 3188 523 3276; x_wconf 88' lang='lat' dir='ltr'><strong>qui</strong></span> <span class='ocrx_word' id='word_1_220' title='bbox 552 3189 763 3258; x_wconf 87' lang='lat' dir='ltr'><strong>coniectando</strong></span> <span class='ocrx_word' id='word_1_221' title='bbox 791 3192 925 3256; x_wconf 86' lang='lat' dir='ltr'><strong>certent.</strong></span> <span class='ocrx_word' id='word_1_222' title='bbox 974 3185 1123 3274; x_wconf 86' lang='lat' dir='ltr'><strong>Denique</strong></span> <span class='ocrx_word' id='word_1_223' title='bbox 1150 3183 1262 3268; x_wconf 48' lang='lat' dir='ltr'><strong>eciam,</strong></span> 
     </span>
     <span class='ocr_line' id='line_1_28' title="bbox 188 3292 1252 3385; baseline 0 -26"><span class='ocrx_word' id='word_1_224' title='bbox 188 3292 342 3361; x_wconf 82' lang='lat' dir='ltr'><strong>defensor</strong></span> <span class='ocrx_word' id='word_1_225' title='bbox 359 3293 471 3362; x_wconf 84' lang='lat' dir='ltr'><strong>extitit</strong></span> <span class='ocrx_word' id='word_1_226' title='bbox 492 3297 589 3364; x_wconf 90' lang='lat' dir='ltr'><strong>huius</strong></span> <span class='ocrx_word' id='word_1_227' title='bbox 612 3297 762 3365; x_wconf 88' lang='lat' dir='ltr'><strong>lectionis</strong></span> <span class='ocrx_word' id='word_1_228' title='bbox 786 3297 841 3364; x_wconf 90' lang='lat' dir='ltr'><strong>diu</strong></span> <span class='ocrx_word' id='word_1_229' title='bbox 859 3296 1013 3385; x_wconf 79' lang='lat' dir='ltr'><strong>vulgatae</strong></span> <span class='ocrx_word' id='word_1_230' title='bbox 1030 3293 1081 3362; x_wconf 87' lang='lat' dir='ltr'><strong>rir</strong></span> <span class='ocrx_word' id='word_1_231' title='bbox 1102 3292 1198 3362; x_wconf 77' lang='lat' dir='ltr'><strong>fortis</strong></span> <span class='ocrx_word' id='word_1_232' title='bbox 1215 3297 1252 3360; x_wconf 88' lang='lat' dir='ltr'><strong>et</strong></span> 
     </span>
    </p>
   </div>
   <div class='ocr_carea' id='block_1_15' title="bbox 48 3399 1372 3494">
    <p class='ocr_par' dir='ltr' id='par_1_16' title="bbox 48 3399 1372 3494">
     <span class='ocr_line' id='line_1_29' title="bbox 48 3399 1372 3494; baseline -0.008 -17"><span class='ocrx_word' id='word_1_233' title='bbox 48 3451 74 3477; x_wconf 90' lang='lat'><strong>.-</strong></span> <span class='ocrx_word' id='word_1_234' title='bbox 188 3399 396 3489; x_wconf 85' lang='lat' dir='ltr'><strong>ineptissima</strong></span> <span class='ocrx_word' id='word_1_235' title='bbox 414 3426 559 3494; x_wconf 90' lang='lat' dir='ltr'><strong>quaeque</strong></span> <span class='ocrx_word' id='word_1_236' title='bbox 582 3405 722 3474; x_wconf 88' lang='lat' dir='ltr'><strong>libenter</strong></span> <span class='ocrx_word' id='word_1_237' title='bbox 745 3405 943 3494; x_wconf 87' lang='lat' dir='ltr'><strong>amplectens</strong></span> <span class='ocrx_word' id='word_1_238' title='bbox 961 3399 1158 3487; x_wconf 75' lang='lat' dir='ltr'><strong>Alschefski,</strong></span> <span class='ocrx_word' id='word_1_239' title='bbox 1175 3421 1251 3468; x_wconf 91' lang='lat' dir='ltr'><strong>cum</strong></span> <span class='ocrx_word' id='word_1_240' title='bbox 1368 3415 1372 3425; x_wconf 66' lang='lat'><strong>¹</strong></span> 
     </span>
    </p>
   </div>
   <div class='ocr_carea' id='block_1_16' title="bbox 158 3506 1252 3924">
    <p class='ocr_par' dir='ltr' id='par_1_17' title="bbox 158 3506 1252 3710">
     <span class='ocr_line' id='line_1_30' title="bbox 158 3506 1252 3604; baseline -0.003 -26"><span class='ocrx_word' id='word_1_241' title='bbox 158 3525 251 3582; x_wconf 72' lang='lat' dir='ltr'><strong>linos</strong></span> <span class='ocrx_word' id='word_1_242' title='bbox 273 3506 362 3580; x_wconf 89' lang='lat' dir='ltr'><strong>illius</strong></span> <span class='ocrx_word' id='word_1_243' title='bbox 386 3535 464 3581; x_wconf 88' lang='lat' dir='ltr'><strong>usus</strong></span> <span class='ocrx_word' id='word_1_244' title='bbox 492 3513 675 3600; x_wconf 89' lang='lat' dir='ltr'><strong>admonuit,</strong></span> <span class='ocrx_word' id='word_1_245' title='bbox 702 3535 767 3602; x_wconf 89' lang='lat' dir='ltr'><strong>quo</strong></span> <span class='ocrx_word' id='word_1_246' title='bbox 793 3535 990 3604; x_wconf 80' lang='lat' dir='ltr'><strong>permagnus</strong></span> <span class='ocrx_word' id='word_1_247' title='bbox 1017 3529 1170 3579; x_wconf 86' lang='lat' dir='ltr'><strong>numerus</strong></span> <span class='ocrx_word' id='word_1_248' title='bbox 1191 3529 1252 3576; x_wconf 87' lang='lat' dir='ltr'><strong>nu·</strong></span> 
     </span>
     <span class='ocr_line' id='line_1_31' title="bbox 189 3620 1211 3710; baseline 0.006 -24"><span class='ocrx_word' id='word_1_249' title='bbox 189 3629 280 3687; x_wconf 87' lang='lat' dir='ltr'><strong>mero</strong></span> <span class='ocrx_word' id='word_1_250' title='bbox 302 3621 428 3688; x_wconf 61' lang='lat' dir='ltr'><strong>meanti</strong></span> <span class='ocrx_word' id='word_1_251' title='bbox 448 3620 549 3690; x_wconf 88' lang='lat' dir='ltr'><strong>latine</strong></span> <span class='ocrx_word' id='word_1_252' title='bbox 573 3620 710 3710; x_wconf 83' lang='lat' dir='ltr'><strong>exprimi</strong></span> <span class='ocrx_word' id='word_1_253' title='bbox 733 3621 826 3690; x_wconf 86' lang='lat' dir='ltr'><strong>solet.</strong></span> <span class='ocrx_word' id='word_1_254' title='bbox 1206 3633 1211 3648; x_wconf 86' lang='lat'>&#39;</span> 
     </span>
    </p>

    <p class='ocr_par' dir='ltr' id='par_1_18' title="bbox 279 3724 1252 3817">
     <span class='ocr_line' id='line_1_32' title="bbox 279 3724 1252 3817; baseline -0.002 -21"><span class='ocrx_word' id='word_1_255' title='bbox 279 3725 386 3817; x_wconf 82' lang='lat' dir='ltr'><strong>Supra</strong></span> <span class='ocrx_word' id='word_1_256' title='bbox 407 3751 438 3817; x_wconf 92' lang='lat' dir='ltr'><strong>p.</strong></span> <span class='ocrx_word' id='word_1_257' title='bbox 461 3731 504 3796; x_wconf 77' lang='lat'><strong>47</strong></span> <span class='ocrx_word' id='word_1_258' title='bbox 529 3732 615 3817; x_wconf 89' lang='lat' dir='ltr'><strong>quod</strong></span> <span class='ocrx_word' id='word_1_259' title='bbox 643 3729 783 3798; x_wconf 82' lang='lat' dir='ltr'><strong>iudicari</strong></span> <span class='ocrx_word' id='word_1_260' title='bbox 806 3730 958 3798; x_wconf 88' lang='lat' dir='ltr'><strong>librarios</strong></span> <span class='ocrx_word' id='word_1_261' title='bbox 984 3733 1081 3796; x_wconf 85' lang='lat' dir='ltr'><strong>notas</strong></span> <span class='ocrx_word' id='word_1_262' title='bbox 1102 3724 1252 3795; x_wconf 86' lang='lat' dir='ltr'><strong>nomina·</strong></span> 
     </span>
    </p>

    <p class='ocr_par' dir='ltr' id='par_1_19' title="bbox 187 3832 1251 3924">
     <span class='ocr_line' id='line_1_33' title="bbox 187 3832 1251 3924; baseline -0.001 -25"><span class='ocrx_word' id='word_1_263' title='bbox 187 3833 259 3904; x_wconf 85' lang='lat' dir='ltr'><strong>tiro</strong></span> <span class='ocrx_word' id='word_1_264' title='bbox 278 3857 356 3904; x_wconf 88' lang='lat' dir='ltr'><strong>casu</strong></span> <span class='ocrx_word' id='word_1_265' title='bbox 374 3835 502 3924; x_wconf 87' lang='lat' dir='ltr'><strong>saepius</strong></span> <span class='ocrx_word' id='word_1_266' title='bbox 524 3857 624 3923; x_wconf 85' lang='lat' dir='ltr'><strong>prave</strong></span> <span class='ocrx_word' id='word_1_267' title='bbox 641 3837 875 3922; x_wconf 87' lang='lat' dir='ltr'><strong>interpretatos</strong></span> <span class='ocrx_word' id='word_1_268' title='bbox 893 3857 978 3922; x_wconf 82' lang='lat' dir='ltr'><strong>esse,</strong></span> <span class='ocrx_word' id='word_1_269' title='bbox 1000 3832 1127 3920; x_wconf 85' lang='lat' dir='ltr'><strong>aliquot</strong></span> <span class='ocrx_word' id='word_1_270' title='bbox 1143 3851 1251 3900; x_wconf 83' lang='lat' dir='ltr'><strong>exem·</strong></span> 
     </span>
    </p>
   </div>
   <div class='ocr_carea' id='block_1_17' title="bbox 56 3937 1251 4102">
    <p class='ocr_par' dir='ltr' id='par_1_20' title="bbox 56 3937 1251 4102">
     <span class='ocr_line' id='line_1_34' title="bbox 56 3937 1251 4030; baseline -0.006 -18"><span class='ocrx_word' id='word_1_271' title='bbox 56 3979 58 3984; x_wconf 96' lang='lat'>·</span> <span class='ocrx_word' id='word_1_272' title='bbox 187 3940 253 4028; x_wconf 81' lang='lat' dir='ltr'><strong>plis</strong></span> <span class='ocrx_word' id='word_1_273' title='bbox 275 3943 375 4013; x_wconf 85' lang='lat' dir='ltr'><strong>liceat</strong></span> <span class='ocrx_word' id='word_1_274' title='bbox 396 3942 597 4013; x_wconf 80' lang='lat' dir='ltr'><strong>adumbrare</strong></span> <span class='ocrx_word' id='word_1_275' title='bbox 632 3941 673 4012; x_wconf 92' lang='lat' dir='ltr'><strong>In</strong></span> <span class='ocrx_word' id='word_1_276' title='bbox 694 3937 1251 4030; x_wconf 69' lang='lat' dir='ltr'><strong>vinuLiv.42,12,oet9etta</strong></span> 
     </span>
     <span class='ocr_line' id='line_1_35' title="bbox 318 4051 1037 4102; baseline -0.022 16"><span class='ocrx_word' id='word_1_277' title='bbox 318 4093 321 4102; x_wconf 88' lang='lat'><em>·</em></span> <span class='ocrx_word' id='word_1_278' title='bbox 1018 4051 1037 4102; x_wconf 78' lang='lat' dir='ltr'><strong>s</strong></span> 
     </span>
    </p>
   </div>
   <div class='ocr_carea' id='block_1_18' title="bbox 0 0 1402 4546">
    <p class='ocr_par' dir='ltr' id='par_1_21' title="bbox 0 0 1402 4546">
     <span class='ocr_line' id='line_1_36' title="bbox 0 0 1402 4546; baseline 0 2"><span class='ocrx_word' id='word_1_279' title='bbox 0 0 1402 4546; x_wconf 95' lang='lat' dir='ltr'><strong> </strong></span> 
     </span>
    </p>
   </div>
  </div>
 </body>
</html>
