2766 4550
552 353 766 417 ..90-

120 518 299 584 resarciam
320 515 441 582 acurio
462 535 531 582 caru
559 512 767 600 <irr>tulisset,
790 514 928 581 carnium
955 517 1024 580 onte
1050 517 1188 579 acturum

122 624 387 708 comparationem
408 623 612 706 amplitudine
633 621 745 688 vicerit.
782 619 831 687 De
855 621 929 686 sede
952 641 1021 687 cum
1040 620 1189 687 coniunc-

33 801 51 818 ἢ
122 730 230 797 tionis
243 730 326 796 nihil
339 753 399 818 pro
413 733 501 797 certo
516 728 678 796 affirmare
692 726 805 794 audeo.
842 723 1035 816 Insereredi¹)
1055 725 1189 794 verbum

122 838 347 906 commendari
375 837 455 904 mihi
477 837 605 904 videtur
628 835 765 902 maxime
793 833 893 901 simili
921 834 992 902 loco
1019 833 1189 901 Velleiano

73 931 78 938 ’
123 944 156 1024 2,
180 945 280 1032 40,3
308 946 395 1030 loape
420 943 567 1010 arciorem
595 944 680 1010 arreni
706 946 777 1008 aab
808 962 840 1008 se
872 941 973 1008 inlota
995 941 1128 1026 mercia
1155 943 1190 1007 ire
1276 970 1278 974 ·
1326 984 1333 1000 .

122 1053 289 1118 amorium
314 1053 429 1119 intulit.
469 1051 642 1117 Praeterea
672 1055 705 1116 et
727 1051 851 1137 patitur
877 1047 1037 1116 inferendi
1055 1048 1188 1116 verbum

124 1156 276 1225 dativum
303 1161 441 1242 aerario,
466 1163 504 1223 nt
527 1156 602 1224 Tac.
620 1179 694 1223 ann.
720 1158 770 1240 13,
788 1158 829 1224 31
849 1157 1020 1224 sasbrtiam
1041 1157 1189 1240 condrio

120 1265 265 1346 perticas
286 1265 408 1331 ceramo
429 1263 564 1329 inlatum
577 1267 633 1347 ast,
657 1262 742 1329 Plin.
759 1283 808 1347 ep.
827 1263 982 1346 2,11,20
1004 1263 1057 1328 ille
1077 1267 1107 1327 et
1127 1282 1190 1346 sep

125 1371 266 1454 diapenta
279 1371 366 1438 milia
383 1370 505 1436 aerario
523 1369 684 1452 inferenda
698 1364 854 1456 (censuit),
875 1389 944 1456 nco,
967 1367 1074 1455 siquid
1088 1367 1191 1452 video,

125 1473 227 1540 aliter
253 1479 340 1542 stare
363 1479 472 1560 potest
499 1475 656 1540 traditum
678 1476 815 1558 amorim
843 1495 919 1539 uam
942 1473 1075 1540 Orosius
1099 1475 1188 1539 solus
1218 1555 1220 1560 ,

127 1602 228 1648 ausus
252 1587 302 1650 est
320 1584 351 1662 5,
368 1583 408 1650 18
430 1581 511 1650 oileil
534 1587 636 1648 tomen
659 1580 825 1667 Pompeius
842 1601 879 1648 ec
900 1601 937 1648 ca
954 1581 1052 1665 menti
1068 1581 1191 1648 aerario

125 1689 289 1756 contulit.-

219 1797 433 1886 Properamus
466 1795 508 1864 ad
538 1796 649 1881 finem,
673 1799 856 1884 postquam
888 1799 1012 1862 veteres
1039 1796 1190 1864 librarios

56 1953 61 1964 .
128 1927 231 1989 paene
257 1906 292 1972 in
318 1906 391 1992 ipsa
417 1905 589 1990 scriptoria
616 1903 762 1970 comitati
792 1925 966 1990 eorumque
990 1904 1191 1972 describendi

85 2089 92 2102 ·
128 2032 254 2079 errores
277 2011 429 2100 aucupati
455 2011 516 2078 hoc·
539 2012 645 2099 capite
668 2032 788 2079 sumus.
831 2009 980 2076 Vidimus
1003 2011 1038 2078 in
1060 2012 1187 2080 duobus

128 2119 356 2186 vetustissimis
376 2119 539 2186 codicibus
554 2119 637 2185 Livii
656 2117 808 2205 (necnon
824 2118 961 2184 aliorum
981 2119 1190 2206 scriptorum)

129 2227 290 2310 quomodo
313 2225 487 2314 archebypa
511 2248 621 2293 eorum
645 2225 765 2294 referta
793 2224 915 2293 luerint
937 2226 1190 2316 correctionibus
1253 2297 1258 2308 ,
1336 2225 1338 2233 '

130 2354 229 2422 supra
250 2335 354 2401 linoas
376 2334 508 2422 positis3
530 2333 679 2422 vidimus,
701 2339 739 2402 at
760 2333 957 2423 posteriores
981 2333 1107 2402 librarii
1129 2329 1189 2402 has

129 2443 342 2510 correctiones
364 2443 398 2509 in
417 2443 586 2510 continuae
605 2443 761 2510 orationis
781 2465 898 2531 corpus
917 2444 1006 2510 varie
1020 2442 1191 2510 intulerint

129 2549 263 2618 retentis
291 2551 351 2638 eis,
378 2549 419 2618 ad
447 2573 529 2637 qnae
552 2552 766 2619 correctiones
789 2551 1011 2639 pertinebant3
1041 2550 1190 2639 vidimus,

129 2661 168 2725 ut
195 2659 419 2728 convenienter
445 2663 582 2728 naturae
610 2659 700 2727 aliae·
716 2682 813 2748 super
836 2660 918 2727 alias
942 2659 1189 2748 depravationes

130 2763 203 2833 inde
224 2772 314 2834 ortae
337 2768 417 2835 sint:
440 2791 516 2835 nam
540 2791 578 2835 ea
601 2773 652 2834 est
674 2768 792 2834 erroris
815 2767 1005 2854 infelicitas,
1028 2771 1065 2834 ut
1087 2789 1190 2834 novos

130 2893 252 2940 encres
267 2873 382 2963 gignat
395 2879 438 2961 et,
452 2876 528 2943 dum
543 2875 754 2942 seoccultare
770 2875 887 2960 studet,
901 2875 1006 2963 magis
1021 2875 1190 2963 magisque

131 3001 274 3050 crescens
297 2983 486 3050 luxurietur.
527 2982 650 3050 Dubito
674 3004 717 3048 an
734 2983 769 3049 in
787 2981 861 3048 aliia
880 3004 1007 3070 quoquo
1026 2981 1190 3050 codicibus

132 3091 323 3179 scriptorum
345 3090 520 3158 latinorum
542 3089 628 3158 idem
650 3089 851 3178 corruptelae
870 3112 972 3180 genus
994 3089 1098 3158 lateat
1120 3113 1191 3158 nec·
1225 3107 1230 3120 ’

132 3196 206 3264 dum
228 3200 376 3288 agnitum
399 3197 452 3266 sit.
492 3196 588 3266 Certe
611 3197 715 3266 critici
731 3197 859 3266 Liviani
882 3197 963 3287 mihi
982 3221 1110 3287 semper
1128 3197 1191 3268 visi

133 3310 207 3373 suut
232 3305 274 3373 ad
299 3305 384 3374 hanc
410 3305 695 3386 contaminationis
725 3305 865 3395 speciem
897 3306 938 3374 ab
966 3307 1042 3380 aliis
1069 3307 1189 3375 dudum

131 3412 165 3480 in
186 3414 289 3482 locem
304 3419 506 3501 protractam
529 3419 562 3483 et
579 3414 714 3483 inertis
732 3414 861 3484 criticae
878 3438 973 3484 nsum
997 3437 1187 3485 conversam

133 3537 341 3553 ———-—

220 3612 245 3684 1)
263 3607 370 3667 Eodem
389 3623 472 3666 senso
490 3609 627 3684 reperitur
644 3611 676 3667 ic
693 3608 922 3680 conualescere
943 3608 1002 3670 Lis.
1023 3607 1065 3681 10,
1084 3615 1127 3681 46,
1149 3615 1189 3667 u.

75 3748 78 3754 .
132 3705 173 3771 n,
190 3706 234 3772 rs,
253 3708 278 3759 a.
302 3705 346 3771 eo,
364 3706 408 3771 eo,
426 3707 452 3771 e,
474 3701 576 3774 terme
592 3687 656 3759 uvi
671 3707 715 3772 aa,
733 3707 777 3772 rr,
795 3707 826 3772 a,
848 3701 952 3772 asem
978 3699 1038 3760 uir.
1057 3705 1145 3773 aas,
1164 3705 1189 3772 s,

131 3791 688 3864 wsmal‚cl‚12.t⁸‚ao,t.45‚l‚
709 3800 733 3853 1.
756 3789 1006 3866 Oiclepagm,
1026 3795 1069 3862 πῖ,
1091 3797 1133 3850 ²2.
1153 3791 1189 3849 ad
1274 3849 1277 3853 ,

131 3882 187 3940 ru
205 3887 236 3953 7,
260 3889 289 3954 ι,
307 3887 334 3942 a.
370 3881 498 3955 Oooserre
520 3885 551 3942 in
572 3885 713 3942 marim
735 3881 823 3940 semel
848 3879 975 3941 Velleio·
993 3889 1023 3954 a,
1047 3889 1094 3954 aa,
1118 3880 1189 3940 ade

131 3969 261 4045 sufibus
279 3967 471 4048 stipendiariis
489 3971 569 4032 uixit
613 4049 617 4056 Ι
1170 3985 1172 3990 “

819 4189 830 4228 l
948 4246 951 4252 ,

796 4253 802 4265 ⁸
814 4259 832 4284 N
