2794 4546
517 373 714 439 -2..

89 533 123 599 in
142 533 338 620 paginarum
360 531 447 596 haud
469 531 543 616 plus
562 513 775 596 ducentarum
798 529 941 616 spatium
960 535 1154 617 coartatam,

89 639 244 726 eleganti,
271 643 309 703 ut
332 637 429 720 solet,
457 625 605 702 oratione
631 635 735 702 latina
758 637 955 722 confectam,
982 637 1153 723 speciosis·
1250 667 1252 672 ·

91 743 179 809 simis
209 742 367 828 exemplis
396 741 632 808 collustratum.
685 740 800 826 Neque
834 741 1007 808 defuerunt
1037 747 1153 809 nostra

90 854 208 934 aetate,
239 848 310 934 qui,
340 870 393 913 ars
421 847 536 913 critica
564 846 795 914 coniecturalis
826 847 990 932 quomodo
1023 846 1058 914 in
1088 849 1152 914 sin-

82 953 171 1046 ¹galis
186 1006 190 1018 .
203 953 419 1038 scriptoribus
451 954 492 1018 ad
522 957 645 1019 certam
676 975 827 1019 normam
856 951 1027 1039 dirigenda
1055 939 1162 1040 esset,¹

52 1039 348 1148 15ploriroustuarent
378 1058 599 1124 examinandis
627 1064 725 1143 atque
755 1058 992 1146 investigandis
1022 1059 1153 1126 mendo·

80 1186 159 1238 ·.nnn
180 1165 370 1251 generibus,
392 1187 474 1249 quae
496 1163 532 1230 in
554 1163 644 1230 codd.
663 1163 808 1249 antiquis
827 1169 1011 1232 occurrunt.
1043 1164 1152 1251 Appa-

61 1274 138 1335 ·ret
166 1270 283 1336 statim
309 1269 468 1336 eiusmodi
495 1291 651 1355 operosae
679 1291 756 1337 sane
784 1274 883 1355 atquo
908 1269 1073 1336 interdum
1094 1270 1152 1336 mi-
1190 1351 1192 1358 .
1249 1253 1272 1268 ”

90 1381 184 1443 natae
211 1397 308 1444 curae
339 1376 507 1442 laboribus
534 1375 660 1442 fructus
688 1375 816 1461 aliquos
844 1376 885 1442 ad
913 1379 1036 1464 textus,
1069 1398 1151 1462 quos

92 1488 220 1569 vocant,
243 1482 440 1568 scriptorum
463 1481 585 1548 maiore
604 1505 677 1548 cum
698 1481 761 1548 fide
784 1471 1003 1550 restituendos
1026 1481 1151 1570 percipi
1250 1547 1251 1552 ,

90 1611 196 1676 posse,
223 1594 276 1674 ut,
305 1589 427 1656 sinon
452 1611 555 1656 novae
587 1588 661 1654 inde
688 1589 931 1656 emendationes
959 1589 1153 1675 redundant,
1228 1611 1266 1674 j

91 1696 204 1763 saltem
227 1699 453 1764 controversae
476 1696 582 1764 adhuc
604 1695 755 1763 lectionis
778 1696 843 1764 loci
865 1695 939 1782 ipsa
959 1695 1152 1764 mendorum

91 1803 259 1870 observata
282 1803 465 1889 frequentia
487 1800 706 1870 diiudicentur
726 1803 951 1870 deficientibus
975 1802 1050 1869 aliis
1071 1803 1151 1870 iudi·
1283 1840 1289 1848 ·

92 1909 181 1976 candi
198 1910 296 1977 notis.
323 1908 395 1976 Iam
413 1932 488 1977 oum
500 1909 597 1977 nobis
612 1932 741 1996 quoque
754 1932 948 1996 persuasum
961 1909 1007 1975 sit
1021 1932 1151 1977 omnem
1235 1952 1238 1960 ·

92 2015 228 2082 salutem
246 2017 327 2082 artis
346 2017 588 2102 coniecturalis,
612 2039 695 2102 quae
712 2015 836 2083 nostris
851 2016 1056 2102 temporibus
1071 2016 1152 2083 fata·

93 2119 154 2188 lem
176 2125 340 2209 quandam
363 2123 561 2190 temeritatis
588 2123 744 2208 lususque
772 2123 895 2189 famam
922 2123 1009 2208 apud
1031 2123 1154 2208 pleros·

92 2249 151 2312 que
177 2229 291 2315 habet,
318 2230 440 2297 versari
467 2229 502 2296 in
529 2234 682 2297 accurata
709 2230 901 2296 mendorum
924 2229 1152 2296 observatione
1205 2214 1208 2220 ¹
1243 2237 1253 2248 '

93 2338 186 2419 alque
209 2358 358 2422 censura,
385 2337 568 2422 symbolam
590 2335 643 2402 his
666 2335 805 2423 pagellis
828 2358 888 2422 pro
915 2342 1030 2404 nostra
1053 2359 1153 2422 quan·
1289 2390 1292 2396 .

94 2440 298 2528 tulaoumque
316 2441 472 2508 facultate
490 2441 599 2507 daturi
618 2465 731 2508 sumus
750 2443 791 2508 ad
807 2443 999 2510 mendorum
1013 2465 1153 2528 quorun·
1279 2472 1280 2476 ¹

93 2544 163 2613 dam
177 2547 213 2614 in
225 2548 315 2615 codd.
329 2547 441 2614 latinis
455 2547 627 2614 obviorum
644 2547 880 2636 cognitionem,
897 2549 1096 2634 perscrutati
1110 2549 1152 2614 ad
1187 2600 1189 2604 .

95 2649 229 2748 hoe-duo
242 2654 483 2721 vetustissimos
501 2659 536 2722 et
554 2656 596 2721 ad
609 2655 822 2721 monstranda
839 2655 1050 2734 librariorum
1068 2655 1151 2721 vitia
1175 2661 1178 2668 “

93 2779 166 2842 prae
183 2762 300 2828 ceteris
318 2765 414 2847 aptos
433 2761 560 2829 codices
574 2760 675 2848 Livii,
692 2760 935 2829 Puteaneum
959 2765 993 2827 et
1007 2759 1152 2828 Vindo·
1170 2749 1178 2850 Ἰ

94 2861 345 2954 bonensem¹),
373 2891 511 2954 quorum
533 2871 671 2954 uterque
694 2867 726 2934 ei
748 2869 860 2936 decadi
884 2867 992 2954 operis
1014 2865 1153 2953 Liviani,

95 2991 187 3056 quam
206 2973 364 3060 scriptam
389 2973 534 3042 continet
561 2973 745 3042 uncialibus
775 2974 910 3061 litteris,
941 2972 1153 3061 potissimum

95 3083 141 3145 est
160 3079 414 3148 instrumentum
436 3080 596 3149 criticum.
632 3081 693 3148 llle
717 3081 804 3148 enim
827 3077 938 3170 (quem
956 3081 992 3148 in
1009 3079 1072 3148 hac
1090 3079 1153 3146 dis·

95 3189 257 3278 putatione
279 3187 307 3254 P
329 3188 380 3254 rel
400 3187 475 3254 Put.
498 3186 690 3278 designabo)
716 3189 851 3256 tertiam
873 3188 1027 3282 decadem
1048 3209 1151 3274 paene
1208 3190 1210 3198 ’

96 3291 194 3359 totam
214 3299 283 3362 tam
300 3294 441 3362 fideliter
459 3298 558 3381 atque
576 3295 729 3383 religiose
747 3317 822 3364 oum
840 3293 992 3362 omnibus
1010 3293 1167 3380 exempli
1213 3381 1214 3385 Ἰ
1272 3271 1274 3275 .
1336 3315 1338 3320 ·

95 3395 142 3463 sai
157 3398 248 3466 vitiis
264 3401 423 3488 scriptam
440 3401 555 3487 habet,
575 3405 614 3468 ut
631 3424 698 3470 uon
715 3401 811 3469 facile
829 3401 931 3470 codex
948 3399 1071 3489 latinus
1090 3399 1153 3468 uti·
1268 3450 1271 3456 .

96 3501 153 3572 lior
177 3507 219 3574 ad
245 3507 440 3576 illustranda
461 3508 557 3607 vitia,
583 3509 619 3576 in
641 3507 876 3596 quaelibrarii
898 3505 1022 3577 vetusti
1044 3505 1152 3574 delabi

178 3775 206 3844 1)
235 3771 408 3829 Puteaneum
438 3771 566 3833 codicem
590 3769 740 3830 Chatelain
770 3776 848 3831 sexto
881 3773 1007 3844 sacculo,
1044 3771 1153 3843 aenge-

97 3856 406 3918 munemne
423 3859 565 3934 (exempla
582 3859 663 3918 codd.
682 3860 732 3918 lat
750 3877 777 3934 p.
788 3865 815 3934 t)
833 3862 879 3919 rel
897 3860 998 3932 quinto
1016 3859 1155 3932 tribuunt,

97 3939 334 4007 Τιιιιιοῑιοιιιιιιιιι
346 3947 437 4034 ΙιιιΙςο
455 3949 535 4034 serto
552 3949 704 4008 accubant
