2766 4550
498 315 738 382 .-qq-

92 479 278 544 verbornm
300 481 442 563 apparet,
465 476 559 542 iaeile
583 475 706 542 moveri
728 479 868 562 poterat,
889 479 927 540 ut
948 476 1163 561 adinsurpunt,

92 609 169 653 non
193 585 398 670 inadsurpunt
418 583 588 652 exararet?
633 582 681 652 Ut
703 583 846 650 breviter
867 583 987 669 dicam,
1009 583 1063 650 hio
1086 605 1163 670 quo·

94 715 165 778 que
194 678 281 758 duae*
301 692 376 757 illae
402 693 559 758 leotiones
588 675 717 758 iunotae
744 691 916 774 adsrrryrmt
943 695 977 755 et
1000 691 1165 774 inserpunt

95 798 228 886 pariter
249 797 330 863 mihi
353 798 502 866 videntur
523 798 748 885 ponderandae
771 801 805 863 et
826 795 1069 882 perpendendae
1092 817 1162 861 esse

96 928 140 972 ao
170 909 223 970 tot
251 903 335 971 aliae
361 904 598 991 discrepantiae
626 903 786 991 oodieum,
814 925 896 990 quae
924 900 1163 969 dubitationem
1299 929 1303 941 ·

97 1017 251 1098 movent,
277 1016 354 1078 utra
379 1011 477 1078 leetio
504 1011 645 1098 genuina
673 1011 731 1098 sit,
757 1033 786 1076 v.
809 1031 840 1098 g.
868 1009 954 1095 quod
982 1009 1039 1095 29,
1065 1011 1119 1094 11,
1141 1009 1162 1075 6

97 1118 196 1186 eodd,
218 1117 378 1185 fluotnant
399 1118 485 1184 inter
506 1117 641 1201 excipere
662 1122 697 1184 et
714 1117 855 1202 eoeipere,
877 1115 921 1182 ib.
941 1116 994 1201 35,
1018 1116 1060 1182 10
1077 1114 1164 1182 inter

98 1225 317 1308 woseensetet
325 1224 467 1306 efforuisset
476 1220 530 1312 (of.
540 1221 674 1291 Luchsii
684 1224 778 1311 proll.
787 1247 818 1310 p.
826 1219 1163 1311 LXXXXVllIsqq.).

100 1332 178 1398 Iam
199 1355 272 1400 eum
294 1355 335 1398 ex
356 1331 475 1398 oodiois
494 1331 634 1398 lectione
651 1353 711 1398 neo
729 1332 791 1398 hoo
809 1353 868 1398 neo
886 1331 968 1397 illud
986 1331 1163 1419 genuinum

99 1440 228 1507 firmari
253 1440 360 1526 possit
386 1437 467 1506 satis
495 1443 584 1506 oerta
606 1439 902 1526 argumentatione,
930 1437 996 1505 alia
1018 1439 1165 1505 subsidia

101 1547 392 1634 circumspicienda
413 1551 503 1633 sunt,
530 1546 649 1634 quibus
674 1547 715 1614 ad
737 1546 879 1632 aliquem
902 1546 1026 1614 exitum
1049 1545 1164 1612 adduoi
1194 1553 1196 1559 ’
1259 1537 1273 1569 ·’

102 1655 252 1744 quaestio
278 1654 392 1741 possit
442 1653 514 1734 Qua
540 1655 575 1720 in
602 1676 636 1721 re
663 1653 804 1722 fortasse
836 1655 979 1742 aliquem
1010 1652 1164 1740 loquendi

102 1764 244 1831 maxime
269 1785 348 1830 usus
379 1758 573 1852 (insumendi
604 1763 739 1829 verbum
771 1763 810 1830 de
841 1762 923 1830 loeis
955 1785 1065 1830 rarum
1099 1767 1163 1830 est:

103 1871 181 1938 Tac.
199 1893 271 1936 ann.
288 1872 320 1956 2,
340 1871 381 1936 16
399 1891 480 1954 pone
497 1875 613 1956 torpunt
631 1869 806 1956 inaeryebat
821 1871 914 1944 silvai
930 1875 1060 1958 praeter
1078 1893 1164 1936 men·
1209 1949 1216 1966 υ

103 1979 220 2046 dorum
246 1977 518 2046 examinationem
544 1978 703 2064 movebit,
729 1983 768 2044 ut
794 1981 966 2065 odoreryont
987 1979 1165 2067 genuinum

102 2109 176 2154 esse
203 2086 266 2153 sibi
292 2086 498 2174 persuadeat,
525 2086 613 2172 quod
640 2108 718 2152 sane
746 2084 841 2154 iaeile
873 2087 915 2153 ob
944 2085 1164 2154 antecedentis

102 2193 194 2261 vocis
212 2195 295 2262 trude
312 2193 443 2260 initium
463 2193 633 2280 depravari
651 2199 783 2280 poterat
800 2193 835 2260 in
853 2197 1031 2280 imnrpant
1047 2196 1163 2263 mendo
1232 2263 1234 2267 ,
1336 2193 1377 2286 qs

102 2301 278 2368 tralaticio.
315 2300 378 2368 Sed
391 2304 539 2386 praestat
552 2322 621 2366 rem
639 2300 674 2366 in
691 2301 816 2366 incerto
834 2301 1023 2388 relinquere.
1060 2301 1164 2370 Panlo
1240 2289 1261 2336 Ὗ

102 2413 216 2475 autem
242 2407 467 2498 confidentius,
482 2406 618 2474 iudicari
645 2412 758 2494 posset
784 2407 823 2474 de
850 2429 889 2475 eo
916 2409 1003 2495 looo,
1030 2410 1087 2496 qui
1112 2413 1164 2477 est
1232 2449 1234 2454 ·
1369 2399 1374 2434 r

100 2516 166 2600 22,
186 2515 244 2601 42,
266 2515 297 2601 6,
320 2514 348 2580 si
371 2517 496 2582 eertum
523 2517 610 2580 esset
637 2513 799 2605 duplicem
824 2515 999 2582 lectionem
1020 2529 1111 2603 non,'
1126 2522 1185 2588 ut=
1308 2539 1310 2544 ’

100 2622 204 2708 vulgo
226 2625 353 2707 putant,
375 2621 462 2686 eirea
483 2621 527 2686 od
546 2620 645 2687 imolas
666 2624 701 2687 et
723 2621 758 2687 io
779 2621 877 2689 hostes
897 2621 932 2688 in
950 2622 1025 2688 Put.
1044 2623 1165 2690 oodiois

99 2727 243 2793 lectione
266 2728 301 2793 in
319 2735 325 2806 1
338 2732 431 2812 purte
449 2731 455 2806 Ι
474 2732 645 2793 uestrorum
663 2724 670 2813 Ι
688 2747 767 2810 quoe
789 2723 794 2815 Ι
816 2733 943 2812 verpere
965 2727 969 2817 l
991 2729 1166 2796 odinleostes

97 2833 241 2919 versari,
267 2833 323 2900 sed
350 2833 437 2900 eirea
462 2837 589 2919 oeream
614 2837 649 2899 et
674 2837 785 2920 oerqat.
835 2833 908 2903 Hoe
936 2835 965 2902 si
991 2835 1164 2904 nobiseum

99 2940 276 3028 statuitur,
304 2941 384 3008 illud
411 2940 481 3007 leve
509 2945 574 3027 est,
600 2941 687 3028 quod
708 2942 832 3030 adpro
856 2965 904 3031 eo,
927 2944 1013 3031 quod
1036 2967 1164 3031 exspeo·
1273 2965 1274 2968 ¹
1377 2955 1378 2962 ’

99 3053 198 3118 tatur
220 3055 267 3131 al,
293 3049 328 3116 iu
350 3048 459 3116 oodioe
482 3053 547 3116 est:
572 3071 676 3135 nequa
704 3050 791 3116 enim
814 3073 941 3137 semper
962 3051 1165 3137 primitivam

79 3156 331 3246 ,mtegritatem
361 3157 442 3224 duae
474 3155 664 3224 coniunctae
695 3155 852 3226 lectiones
883 3158 1088 3226 retinuerunt
1121 3157 1165 3245 (v.

98 3261 193 3333 infra
213 3287 245 3352 p.
259 3265 406 3354 lsssqql
451 3262 548 3333 Certe
575 3263 648 3368 inde
676 3263 710 3332 id
737 3264 916 3354 lucramur,
947 3267 1035 3354 quod
1061 3267 1165 3335 totius

97 3372 171 3442 looi
198 3373 455 3440 emendationem
481 3395 521 3440 ex
546 3372 619 3459 ipso
642 3373 808 3456 Puteaneo
835 3395 962 3443 sumere
988 3375 1067 3442 lieet
1088 3397 1167 3461 qaae

98 3539 212 3620 mont
231 3536 266 3602 in
282 3533 381 3602 hostes
397 3493 768 3623 (promereriltintosles),
785 3558 845 3604 neo
863 3535 1003 3624 amplius
1022 3535 1166 3604 dubitari

97 3646 231 3731 potest,
256 3643 302 3710 ad
324 3641 422 3710 tosto
448 3665 490 3708 an
515 3643 550 3710 iu
571 3641 670 3712 tostae
690 3666 804 3712 verum
826 3649 860 3712 et
882 3667 903 3711 a
924 3641 1019 3711 Livio
1041 3642 1167 3730 profea-
1246 3649 1265 3728 j

96 3755 178 3818 tum
200 3749 255 3818 sit.
299 3749 394 3829 Quod
416 3754 526 3818 anum
547 3750 614 3818 iam
635 3750 671 3818 in
693 3752 782 3819 codd.
805 3773 886 3820 reae.
908 3750 1090 3838 repositum
1115 3756 1166 3818 est
1248 3816 1251 3821 .

94 3863 217 3945 wool,
237 3855 272 3924 id
293 3855 399 3944 ipsum
423 3855 545 3944 requiri
562 3879 623 3944 pro
641 3858 761 3926 oodieis
781 3857 856 3926 Put.
874 3857 1013 3926 lectione
1031 3863 1168 3945 tepent,
