2794 4546
475 377 672 445 ..q-

52 539 280 624 necquicquam
302 557 357 604 uos
378 557 410 605 a.
432 541 506 624 oet,
533 559 731 624 quamquam
753 541 864 624 potest
886 560 951 604 una
973 559 1036 604 vox
1058 535 1108 603 in·
1171 567 1175 576 ·

28 667 29 674 ¹
53 646 158 735 tellegi
179 645 395 730 necquicquam
417 641 452 732 (i.
469 667 495 712 e.
514 641 745 733 nequicquam),
772 666 855 731 quae
877 666 979 732 praru
1000 644 1113 714 forma

54 753 169 838 passim
191 753 227 820 in
249 752 339 819 codd.
362 752 501 818 vetustis
525 751 680 838 occurrit,
702 751 793 818 velut
809 751 845 818 in
858 750 1024 820 Puteaneo
1039 751 1109 822 Lir.

53 860 104 944 21,
120 860 178 945 53,
198 861 227 925 7.
258 861 316 945 22,
333 860 430 944 20,8
458 863 532 944 oet,
563 859 598 924 in
620 857 802 926 Veronensi
824 858 985 944 rescripto
1012 857 1056 926 ib.
1077 861 1114 950 4,

55 967 104 1052 12,
119 968 150 1034 3.
171 967 230 1052 25,
248 967 284 1052 9,
305 966 388 1032 unde
411 964 534 1032 laetum
557 970 621 1052 est,
644 969 682 1032 ut
700 966 735 1032 in
752 987 833 1034 rece.
853 964 943 1033 codd.
961 963 1111 1051 frequen·

53 1072 171 1140 tissime
197 1073 440 1158 necquicquam
466 1094 526 1158 pro
554 1073 755 1156 nequicquam
782 1072 921 1160 legatur.
971 1069 1110 1157 Propter

54 1179 186 1246 similem
209 1179 459 1267 ambiguitatem
481 1179 554 1246 loco
573 1177 659 1245 Livii
682 1179 855 1266 22„16‚4‚
884 1201 958 1246 cum
981 1177 1017 1245 in
1034 1177 1111 1244 Put.
1160 1257 1161 1261 Ἰ
1226 1241 1230 1250 .

56 1285 96 1351 cit
111 1285 423 1372 perhorridassituas‚
444 1285 605 1352 fluctuant
628 1285 734 1354 critici
752 1285 838 1353 inter
851 1283 1112 1366 Weissenbornii

54 1393 241 1480 scripturum
257 1392 458 1478 paternitas
483 1394 579 1462 ulcus
605 1397 639 1461 et
661 1391 860 1462 Woelfflinii
881 1415 941 1480 per
965 1393 1111 1464 buniam
1222 1385 1240 1492 ¹*

53 1501 141 1569 sacac
166 1499 305 1590 (Pontus
331 1502 411 1570 iuter
431 1499 609 1567 Formiana
634 1521 715 1569 scau
811 1505 981 1586 aequaque
1006 1505 1036 1567 et
1051 1493 1122 1585 per'

53 1606 188 1676 leonidas
207 1609 304 1676 sinas
320 1607 538 1675 hibernaturus
554 1604 652 1694 asset),
675 1613 709 1673 et
731 1607 836 1674 adhue
859 1603 919 1674 sub
942 1606 1047 1674 iudice
1067 1606 1112 1672 lis
1183 1667 1186 1674 ,
1235 1675 1237 1680 ,
1355 1601 1366 1626 ⁸⁴

54 1710 144 1803 ect¹):
166 1720 282 1782 eontra
303 1714 386 1781 Eun.
404 1737 478 1781 ann.
498 1714 560 1781 192
583 1711 647 1802 (ed.
665 1711 810 1803 Vahlen)
831 1713 928 1782 hodie
951 1735 1112 1781 consensu

52 1821 235 1889 cntieorum
258 1821 380 1910 legitur

179 1928 325 1994 incedant
344 1927 472 1995 artrusio
487 1948 548 2012 per
569 1927 649 2012 alta,
671 1925 819 1994 securebu'
842 1928 983 1995 auant·
1063 2009 1067 2017 ⁸

55 2040 163 2102 centn
183 2035 354 2122 vulgatam
377 2033 574 2120 scripturam
897 2057 899 2060 ·
1024 2067 1026 2070 ·

179 2143 337 2222 incedunt,
359 2141 487 2209 orbana
502 2141 628 2226 peralto
648 2139 797 2208 antenbu'
819 2127 959 2208 caedunt

101 2341 127 2406 1.
158 2337 405 2407 Incrementa
427 2337 621 2406 orationis
649 2351 693 2405 ex
715 2339 922 2406 verborum
944 2359 1065 2423 prava

383 2445 645 2513 distinctione
668 2452 769 2512 nuta.

137 2589 227 2668 Quae
246 2589 351 2655 adhuc
368 2587 600 2674 proposuimus
619 2589 775 2676 exempla,
795 2588 875 2656 talia
889 2593 975 2675 sunt,
994 2587 1114 2674 quibus

54 2697 180 2784 proprie
202 2695 402 2763 mutationes
429 2695 538 2762 nullas
565 2696 808 2783 contineantur,
836 2719 877 2762 ne
905 2696 940 2762 in
963 2700 1117 2782 separata
1201 2679 1208 2695 ⁸

30 2829 33 2846 ·
56 2803 181 2887 quidem
194 2803 370 2891 scriptura,
392 2803 547 2890 quoniam
559 2803 770 2872 librariorum
783 2803 1005 2872 distinotionis
1023 2802 1115 2872 nulla
1223 2857 1225 2860 -

56 2909 177 2978 ratione
198 2910 314 2977 habita
336 2911 414 2978 lieet
435 2911 545 2996 nobis,
573 2933 670 2998 quam
698 2912 821 2996 optime
849 2911 890 2978 ad
917 2912 1115 2978 sententiam

55 3037 233 3102 possumus,
249 3018 351 3084 uerba
367 3017 578 3105 distinguere.
606 3016 670 3085 Sed
684 3018 786 3084 etium
804 3018 918 3106 grauia
931 3024 967 3086 et
980 3017 1116 3107 cognitu

56 3121 196 3191 difficilia
218 3125 336 3192 menda
358 3125 521 3212 scriptura
544 3125 700 3193 continua
726 3127 854 3212 peperit
883 3127 949 3194 iam
977 3125 1012 3194 in
1033 3126 1115 3212 ipsis

56 3230 216 3298 codicibus
246 3231 452 3299 continenter
483 3232 630 3318 scriptis:
667 3233 707 3299 ds
735 3233 789 3300 his
819 3232 959 3300 maxime
988 3233 1115 3300 mendis

55 3337 146 3404 nobis
175 3337 241 3405 hoc
269 3338 376 3424 eapite
404 3359 500 3427 agere
527 3339 563 3406 in
590 3339 699 3406 animo
727 3345 789 3407 est.
838 3339 984 3418 Quorum
1013 3361 1116 3406 unum

56 3441 86 3508 iel
100 3449 160 3530 eet,
178 3445 266 3530 quod
280 3445 409 3532 saepius
428 3445 599 3512 observari
612 3446 777 3533 accidisse,
798 3447 925 3514 seilicet
937 3450 977 3512 ut
988 3443 1117 3512 librarii

57 3547 187 3633 syllabis
214 3553 324 3618 mente
352 3551 436 3617 mals
467 3551 621 3638 dispostia
654 3553 893 3620 continuatione
925 3549 1119 3620 emendandi

58 3661 206 3723 conatum
230 3656 446 3744 adiungerent
470 3679 570 3724 unam
592 3659 770 3725 alteramve
791 3657 939 3726 litteram
961 3657 1119 3743 addendo,

143 3870 170 3938 ι)
188 3865 295 3926 Conna
302 3865 512 3925 Woelfflinium
523 3883 615 3941 nuper
627 3865 844 3942 disputaverunt
855 3866 963 3942 Frigell
976 3867 1007 3925 et
1018 3865 1116 3924 Lutar-
1137 3852 1139 3858 ¹

57 3951 171 4026 barben
187 3953 223 4014 οί
240 3954 277 4015 li.
293 3953 316 4016 l.
333 3955 461 4028 Euenor,
479 3955 508 4016 Ζ.
526 3956 546 4017 l.
564 3956 593 4016 d.
606 3955 705 4030 tlymn.
716 3962 795 4016 teat
812 3955 973 4015 Jahrerber.
990 3973 1018 4030 p.
1032 3961 1076 4015 88.
