2794 4546
612 369 831 438 ..59-

192 529 316 600 loetum
334 535 385 600 est
403 530 438 599 in
455 529 621 600 veteribus
640 531 740 620 codd,
758 535 796 600 nt
814 531 942 600 librarii
960 530 1106 620 eingeins
1124 527 1258 598 litterna

147 695 150 704 .
193 639 377 728 syllabasve
404 639 595 708 emendandi
622 663 721 708 consa
748 641 784 707 in
810 640 989 726 archetypo
1012 639 1122 706 oodioe
1144 661 1164 705 a
1189 659 1260 706 eor·

192 751 319 816 reotore
342 747 409 818 eive
433 771 472 817 ex
499 748 566 816 alio
589 747 698 817 codiee
722 747 791 816 sive
814 747 980 835 exipsius
1002 747 1134 838 ingenio
1156 769 1260 835 anper

191 877 322 924 versum
345 857 485 944 seriptes
507 855 557 922 ita
577 855 613 924 in
634 855 809 922 verborum
832 855 980 922 ordinem
1001 855 1198 942 reciperent,
1220 858 1260 920 nt

193 963 290 1034 simul
318 963 447 1032 litteras
476 963 660 1051 syllabasre
687 961 806 1030 lituree
834 963 929 1052 signo
956 962 1096 1030 fortasse
1125 961 1259 1051 saepius

193 1071 368 1142 obseurato
382 1071 433 1138 vel
453 1070 586 1138 omnino
603 1069 695 1138 nnllo
713 1073 846 1136 notatos
861 1071 947 1136 male
960 1069 1153 1159 retinerent3
1169 1071 1258 1138 unde

194 1183 275 1270 quot
295 1177 376 1248 ritis
394 1179 429 1246 in
452 1181 562 1245 textus
580 1177 778 1266 scriptorum
797 1177 975 1245 latinorum
996 1178 1259 1265 redundaverint,

193 1285 248 1356 rix
259 1284 323 1354 diei
336 1287 456 1374 potest.
482 1281 593 1371 Atque
611 1283 647 1351 in
659 1283 848 1354 universum
866 1283 998 1372 quidem
1014 1284 1084 1354 iure
1098 1285 1260 1354 statuitur

194 1391 315 1464 aviri·
343 1389 463 1480 dende,
490 1390 546 1478 qni
573 1390 608 1458 in
629 1390 714 1460 hano
736 1391 809 1460 vitii
833 1392 974 1479 speeiem
997 1393 1187 1484 diligentins
1211 1393 1260 1460 in-

193 1499 410 1592 quisiverunt,
436 1498 588 1570 librarios
616 1501 837 1588 superscripta
864 1501 1005 1570 seeundo
1028 1501 1101 1571 looo
1124 1524 1259 1571 exerere

193 1609 309 1680 solitos
329 1629 413 1696 esse,
436 1631 534 1696 quarn
551 1631 700 1677 nomem
719 1609 781 1697 eis,
804 1633 886 1697 quoe
904 1609 1134 1699 insequuntur,
1151 1632 1260 1678 exem·

191 1717 256 1808 plis
279 1715 486 1804 eomprobari
512 1715 670 1804 invenies,
697 1717 817 1806 quippe
839 1718 896 1788 ubi
923 1718 1013 1806 prior
1035 1719 1134 1786 lertio
1155 1717 1259 1786 mani·

193 1825 279 1896 lesio
304 1825 421 1892 mendo
444 1823 582 1892 laboret
626 1823 708 1892 llius
731 1825 778 1892 rei
801 1849 949 1914 promam
972 1849 1012 1894 ex
1034 1826 1199 1895 Putenneo
1223 1841 1259 1894 et

193 1931 440 2002 vindobonensi
470 1932 562 2000 eodd.
583 1931 729 2000 Livianis
760 1935 921 2026 exempla,
950 1957 1033 2023 quae
1063 1935 1144 2002 mihi
1173 1935 1257 2002 satis
1370 1997 1371 2000 ,

194 2046 284 2114 oeria
301 2041 373 2110 vise
396 2043 487 2130 sunt,
509 2040 545 2110 in
567 2041 685 2130 quibus
708 2041 789 2110 illud
812 2066 864 2112 me
883 2043 1074 2112 observasse
1096 2044 1138 2111 ab
1161 2043 1258 2112 initio

193 2173 324 2238 moneo,
351 2155 389 2220 ut
416 2149 563 2238 primae
591 2173 724 2218 manus
748 2151 905 2224 lectiones
928 2153 1144 2221 exscriberem
1165 2152 1258 2221 nulla

194 2264 375 2330 ceterarum
403 2257 530 2326 notione
557 2258 685 2346 habita,
715 2281 797 2346 quae
824 2283 941 2347 pravas
970 2261 1100 2328 litteras
1128 2260 1257 2348 saepius
1337 2249 1338 2256 ἵ

193 2368 389 2436 deleverint.
418 2365 465 2434 Ut
483 2389 503 2434 e
520 2367 699 2435 lenioribus
718 2367 850 2434 initium
863 2367 996 2456 froiam,
1013 2367 1258 2455 niv.21‚21,10

195 2475 231 2544 in
253 2473 280 2544 P
303 2480 354 2546 eat
371 2475 521 2564 oolliama
537 2497 598 2562 pro
619 2474 753 2558 Galliae,
770 2475 855 2544 unde
873 2480 1011 2568 apparet
1028 2475 1063 2543 in
1081 2475 1258 2564 archetypo

194 2620 303 2690 oodiee
318 2621 476 2708 seriptum
489 2619 591 2686 inisse
606 2577 748 2704 oodiain,
765 2619 873 2705 priore
888 2619 1027 2691 lectione
1041 2619 1173 2706 oodiom
1186 2639 1258 2686 eor·

194 2731 293 2816 rupte
306 2749 345 2796 ex
359 2726 580 2796 antecedentis
594 2726 683 2794 roois
701 2725 881 2812 limoniam
895 2727 993 2800 exitu.
1019 2727 1146 2794 Eodem
1159 2725 1256 2793 modo

192 2868 315 2960 legitur
337 2870 390 2956 er,
406 2869 475 2956 ne
498 2869 688 2962 orroeos
704 2899 747 2924 -
765 2870 887 2936 oraine
908 2874 936 2936 s
954 2830 1189 2968 (erendum
1210 2869 1254 2946 io,
1370 2877 1371 2880 ‘

25 3013 31 3104 ξ
63 3013 66 3022 ’
194 3013 279 3132 eir
299 3011 473 3082 reorterio
489 3041 529 3068 -
544 3009 696 3082 oswius
709 2976 900 3101 (moroni),
923 3013 976 3099 24,
989 3013 1054 3100 e‚o
1076 3013 1256 3081 ersom

285 3277 312 3350 1)
331 3273 410 3344 Quod
429 3276 588 3336 ordinasset
602 3275 737 3350 seriptum
751 3292 815 3333 enm
828 3277 951 3335 ordinem
966 3277 971 3351 Ι
985 3283 1024 3335 eei
1037 3276 1256 3350 intellegeretur,

197 3362 381 3440 interpolatio
399 3367 462 3424 orta
480 3371 525 3426 eet
543 3364 778 3440 frequentissime
796 3379 854 3439 qne
866 3365 1025 3425 inenloatnr
1041 3368 1089 3426 sed
1101 3365 1202 3438 iorem
1221 3364 1256 3426 ot
1329 3368 1332 3373 ’

194 3450 1172 3532 biv.ti,8.tPnt.prooiereeiaed-pronioreeset,'l'aossann.
1195 3461 1255 3527 Μ
1324 3489 1361 3512 .·

194 3543 269 3604 Med.
292 3545 349 3604 olio
366 3547 577 3606 trimeribus
595 3569 630 3596 ι-
652 3546 722 3605 eiioe
743 3553 769 3606 rt
786 3547 947 3619 mous,
970 3543 1025 3604 Cio.
1043 3545 1110 3603 iarn.
1129 3553 1160 3618 t,
1179 3551 1255 3617 itt

194 3634 268 3694 lded.
287 3653 348 3696 nem
365 3634 451 3706 iletre
468 3637 515 3696 ea
533 3661 567 3686 -
585 3653 647 3696 oses
668 3635 770 3707 frenes
786 3643 826 3709 et,
847 3635 986 3711 imprimis
1004 3653 1070 3694 raro
1088 3635 1210 3708 lde-u,
1228 3641 1254 3705 t,
1292 3631 1306 3674 -’

196 3733 230 3784 to
248 3724 311 3786 Pet
329 3724 468 3802 seditem
485 3741 537 3800 pro
554 3727 669 3784 nornine
685 3725 801 3799 proprio
819 3727 929 3785 &bas
961 3725 1098 3786 Similiter
1114 3727 1187 3802 quod
1202 3741 1254 3800 pro

194 3823 259 3890 estet
275 3813 477 3890 interpolatum
496 3817 540 3874 esi
560 3815 591 3874 ln
613 3814 748 3874 eontinet
769 3815 910 3890 aoriptera
926 3831 1020 3898 ¹prava
1041 3813 1189 3876 rerbornnr
1212 3814 1254 3873 di·

195 3905 344 3966 etinotione
366 3904 426 3966 Liv.
445 3911 489 3990 tt,
506 3911 551 3979 tt,
569 3912 586 3964 t
604 3903 636 3962 in
653 3905 716 3964 Pnt
738 3905 812 3980 qaod
826 3907 831 3982 Ι
845 3907 909 3968 aiei
923 3905 929 3982 Ι
944 3907 1015 3966 tolie
1035 3921 1087 3978 pro
1105 3923 1158 3981 qno
1174 3911 1207 3964 te
1223 3905 1255 3963 is

194 3995 283 4056 Italia
300 3993 408 4056 et'l'ao.
423 4011 486 4053 nnn
503 4000 545 4065 lt.
563 3999 598 4052 tt
616 3993 733 4052 inlied.
751 3996 824 4069 qued
841 3997 882 4054 nbi
898 4011 951 4068 pre
967 4012 1021 4070 orso
1038 3997 1098 4054 tabi
