2794 4546
883 1103 890 1110 .
1017 1119 1220 1174 ,ww

181 1267 350 1353 immensa
377 1285 458 1352 artis
476 1285 620 1353 'criticae
648 1285 787 1354 materia
814 1291 904 1354 caret
927 1287 967 1353 ad
994 1287 1173 1355 bootem.
1296 1369 1301 1374 .

91 1415 153 1478 pus
177 1416 216 1460 ea
239 1392 444 1479 tractatione,
464 1415 547 1480 qnae
565 1393 730 1480 praesenti
749 1397 839 1462 statu
858 1397 893 1460 ct
907 1391 1096 1460 condicione
1109 1393 1162 1462 lit·
1293 1379 1301 1388 ’

92 1503 238 1566 terarum
256 1499 532 1587 philologicarnm
550 1500 650 1588 digna
668 1505 732 1566 est:
747 1499 832 1586 'quis
851 1500 938 1567 enim
958 1500 994 1566 in
1008 1497 1162 1586 scioppii,

93 1603 266 1694 Scaligeri,
290 1604 407 1674 Clerici
431 1607 635 1693 aliorumque
663 1607 702 1674 de
725 1629 764 1674 ao
787 1612 984 1695 argumento
1008 1607 1178 1697 operibns,

44 1769 51 1777 .
91 1713 250 1781 obsoletis
285 1715 471 1800 acquiescet
496 1715 616 1782 hodic?
656 1715 780 1782 Audita
809 1719 938 1784 tantum
969 1719 1046 1782 sunt
1077 1714 1166 1786 eius.

91 1821 179 1888 modi
210 1820 347 1888 consilia
374 1821 549 1890 Ritschelii
580 1826 613 1890 et
635 1821 874 1890 Tischendorfii
899 1827 1015 1911 nostra
1042 1825 1170 1913 aetate,

91 1951 229 2014 quorum
252 1929 308 1996 ille
333 1951 406 1995 oum
429 1929 562 1996 floreret
583 1928 714 2017 integro
738 1929 857 1996 aetatis
881 1930 994 2018 rigore
1017 1929 1159 1997 seriben-

90 2036 186 2122 dique
215 2036 324 2102 studio
351 2036 439 2102 inter
465 2036 546 2102 alias
575 2037 766 2123 magnificas
795 2026 1013 2124 cogitationes
1041 2057 1159 2122 eorpus

90 2141 171 2208 artis
191 2142 333 2209 criticae,
347 2142 530 2228 praeceptis
553 2143 720 2229 perpetuis
746 2143 971 2211 ordinandum.
990 2133 1159 2228 exemplis-

90 2271 152 2334 que
170 2248 403 2316 illustrandum
423 2248 532 2315 animo
552 2271 661 2315 secum
679 2249 846 2316 volutasse
865 2247 1006 2318 dicitur„
1024 2247 1071 2314 nt
1085 2269 1163 2338 cunrn

89 2355 220 2422 Ritaohl
249 2377 310 2441 pro
341 2356 524 2422 studiorum
554 2377 688 2422 suorum
718 2378 816 2422 cursu
845 2355 951 2444 magis
964 2419 967 2424 ,
981 2353 1172 2436 latinarum
1232 2425 1236 2431 ,

88 2463 275 2530 litterarum
307 2463 519 2548 codicumque
550 2462 713 2530 rationem
747 2463 924 2542 habiturus.
957 2465 1060 2546 essct,
1091 2482 1158 2528 nou
1232 2523 1237 2532 .

41 2568 47 2614 7
88 2568 196 2635 minus
219 2573 316 2655 grata
341 2568 479 2634 accessit
502 2569 607 2635 altera
629 2591 717 2655 spes,
741 2591 839 2655 quam
859 2567 1095 2636 Constantinus
1116 2567 1169 2656 vde.
1211 2553 1232 2624 s
1370 2595 1375 2603 ·

1 2743 2 2746 ,
88 2675 312 2761 Tisohondorl,
330 2674 544 2762 gravissimus
564 2674 712 2742 codicum
731 2697 923 2762 graecorum
943 2673 1169 2762 existimator,

88 2783 127 2847 de
155 2781 209 2856 rei
244 2782 390 2848 criticae·
416 2802 551 2865 corpore
584 2782 707 2847 edendo
740 2782 898 2866 ostendit,
920 2781 1017 2866 ·quod
1044 2785 1083 2846 nt
1117 2803 1157 2847 ex

88 2887 193 2953 altera
215 2887 321 2975 magis
348 2886 463 2974 lingua
490 2886 693 2952 illustratum
716 2885 942 2972 Ritscheliano
966 2885 1060 2971 quasi
1083 2893 1195 2980 sup·'¹

86 2994 289 3080 plementnm
311 2993 459 3060 futurum
482 2998 561 3060 erat
598 2990 662 3060 Sed
680 2997 819 3080 utraque
841 3015 916 3079 spes
935 2991 1060 3059 trustra
1078 2991 1158 3084 eeeif

86 3102 149 3168 dit:
173 3106 389 3188 seposuerrmt
405 3104 522 3186 postea
544 3104 602 3167 aut
625 3100 807 3166 omiserunt
829 3097 1002 3166 eonsilium
1024 3097 1169 3168 institua
1234 3177 1244 3194 ,

53 3191 62 3204 ”
86 3213 159 3274 tum
190 3207 326 3274 distenti
358 3229 415 3274 seu
447 3206 626 3275 maioribus
663 3205 921 3295 cogitationibus
958 3227 1016 3274 sen
1053 3205 1155 3275 officii
1201 3241 1203 3248 v

86 3313 275 3383 mumoribus
289 3312 352 3381 viri
365 3313 597 3402 illustrissimi,
619 3314 676 3402 qui
689 3317 827 3402 proptor
844 3313 1043 3403 singularem
1056 3312 1155 3382 libro·
1279 3365 1284 3372 .

86 3443 160 3490 rum
183 3444 281 3490 manu
304 3419 503 3508 scriptorum
530 3421 700 3490 scientiam
730 3443 809 3511 prae
837 3421 954 3490 ceteris
969 3420 1048 3488 snati
1070 3421 1170 3490 ride*¹

85 3519 207 3598 bantur
229 3531 270 3597 ad
293 3534 363 3597 tam
380 3529 582 3618 periculosae
601 3528 734 3618 plenum
753 3553 836 3618 opus
854 3531 954 3599 aleae.
985 3529 1168 3628 Habemus

86 3643 197 3706 tamen
218 3637 493 3724 perfectissimam
521 3639 602 3706 artis
631 3638 780 3726 criticae,
812 3661 896 3726 quae
924 3636 1152 3706 coniecturalis
1191 3709 1196 3720 ,

85 3745 284 3832 appellatur,
315 3745 612 3834 adumbrationem,
647 3747 720 3814 dieo
752 3769 839 3834 eam,
875 3767 973 3834 qnam
1009 3743 1153 3833 Madvig,

84 3850 194 3919 senior
211 3850 267 3919 ille
285 3851 472 3920 litterarum
490 3851 667 3922 latinarum
685 3852 853 3942 magister,
870 3851 978 3941 primo
992 3848 1152 3921 volumini

84 3958 343 4028 adversariorum
376 3960 565 4029 criticorum
597 3957 762 4049 (Hauniae
790 3983 819 4029 a.
839 3957 939 4050 1871)
971 3959 1151 4048 praemisit,
1209 4045 1212 4052 Ι

293 4091 299 4100 ,
920 4071 934 4122 1
