2766 4550
595 297 834 366 ..109-

273 460 361 540 Quae
379 483 452 528 oum
470 460 518 528 ita
533 459 609 546 sint,
626 480 692 528 non
718 457 829 544 iubilo,
846 455 924 544 quin
938 456 991 542 23,
1005 455 1070 540 8,7
1089 456 1122 523 in
1136 457 1243 524 verbis

185 568 303 636 oodiois
326 568 443 634 misere
460 565 621 650 corruptis
645 563 795 650 varieque
818 563 933 630 aviria
952 561 1057 630 doetis
1075 563 1244 650 temptatis

105 725 108 734 ,
184 671 585 761 filiuspertolooieumpotui
607 670 709 738 latere
726 669 812 753 filius
828 669 938 754 perlici
960 669 1005 736 ad
1022 669 1129 736 uiuum
1143 670 1247 756 potuit

185 782 386 872 Heerwagen
422 783 509 848 reete
546 777 728 866 suspieatus
760 775 821 862 sit,
857 771 955 862 quam
987 775 1245 844 emendationem

185 890 305 956 litteris
324 889 366 956 ad
385 884 686 954 Weissenbornium
705 883 791 950 datis
810 881 890 949 olim
911 883 952 948 ab
970 886 1103 950 auotore
1124 881 1247 970 signifi·

57 1009 59 1014 .
186 1000 294 1064 eatam
313 998 427 1080 postea
445 993 545 1060 Maur.
560 989 696 1056 Mueller
709 1011 835 1080 quoque
853 991 887 1056 et
901 987 1029 1056 Harant
1046 985 1083 1079 (l.
1097 1013 1123 1058 α
1140 1015 1173 1078 Ρ,
1187 986 1247 1080 92)
1289 1011 1319 1030 ,.

186 1103 385 1168 invenerunt.
436 1099 486 1166 Mx
508 1097 621 1184 perlici
642 1095 760 1162 litteris
782 1095 804 1162 b
826 1099 859 1163 et
882 1095 920 1178 u,
944 1117 965 1164 o
986 1100 1020 1164 et
1041 1118 1060 1164 o
1082 1096 1126 1184 (v.
1149 1119 1248 1185 supra

187 1232 219 1296 p.
243 1206 330 1294 100),
351 1208 365 1272 i
387 1210 421 1273 et
443 1206 455 1273 t
476 1202 620 1272 confusis
643 1203 676 1270 in
698 1203 818 1278 unciali
840 1203 1000 1291 seriptum
1026 1204 1116 1272 nasci
1138 1203 1250 1292 potuit

180 1313 303 1400 portel,
333 1335 399 1380 non
431 1333 531 1398 oeque
562 1309 658 1377 faoile
690 1333 730 1385 ex
754 1310 897 1395 melli,
927 1309 1013 1397 quod
1040 1310 1178 1377 verbum
1210 1331 1250 1377 ex

187 1418 446 1487 Weissenbornii
486 1423 520 1484 et
552 1415 713 1504 Seyffertii
745 1417 929 1484 coniectura
957 1415 1054 1484 hodie
1086 1417 1251 1506 vulgatur,

189 1525 404 1615 improbabile
422 1525 474 1592 vel
492 1528 628 1612 propter
644 1523 779 1590 nimiam
800 1523 1045 1593 vehementium.
1083 1521 1123 1592 In
1141 1547 1252 1593 emen·

189 1635 294 1702 dando
322 1634 393 1701 looo
421 1631 597 1720 depravato
621 1631 716 1698 multi
738 1631 985 1718 aberraverunt,
1012 1631 1156 1701 omnium
1180 1633 1253 1701 lon·
1368 1675 1370 1724 ἰ

189 1742 321 1833 gissime
344 1745 475 1832 praeter
497 1740 629 1808 solitum
662 1739 808 1829 Madvig,
840 1745 955 1809 eontra
982 1743 1086 1810 artem
1114 1741 1253 1833 seriptu-
1370 1764 1372 1840 j

190 1875 261 1920 rem
284 1851 403 1920 oodiois
426 1849 613 1918 recentioris
632 1847 851 1916 Berolinensis
875 1854 1004 1917 aeonius
1022 1849 1109 1934 filius
1123 1849 1254 1936 terbelli
1372 1894 1373 1902 κ

189 1961 234 2027 ad
257 1959 432 2046 potandum
457 1957 568 2042 potuit
618 1954 688 2024 Neo
716 1955 917 2046 Madvigium
947 1979 1103 2044 assequor
1129 1979 1254 2048 negan-

189 2073 256 2134 tem
278 2065 445 2152 perpellere
471 2086 496 2131 s.
526 2063 669 2148 perlicere
699 2064 873 2132 oduinum
907 2064 1044 2142 latinum
1071 2088 1155 2152 esse,
1178 2087 1254 2134 oum

191 2173 303 2242 (lioero
328 2171 445 2238 dixerit
466 2172 599 2238 invitare
620 2173 663 2238 od
683 2173 803 2256 uinum,
825 2171 962 2242 Plautus
984 2170 1255 2261 (Asin4‚1,b4)

192 2281 328 2349 accedere
349 2281 393 2347 od
413 2280 529 2366 viuum,
552 2279 621 2366 ipse
636 2278 748 2346 Livius
761 2279 815 2367 40,
828 2281 858 2366 l,
871 2281 892 2346 2
906 2281 1037 2367 benigno
1050 2281 1192 2349 invitatio
1204 2303 1256 2351 eos

192 2391 227 2478 irs
248 2390 357 2456 uinum
379 2388 477 2454 traxit
498 2392 532 2454 et
554 2387 609 2474 37,
628 2389 657 2474 7,
677 2389 719 2454 12
746 2389 781 2454 in
807 2388 939 2455 mollum
966 2389 1034 2455 viai
1056 2395 1256 2474 processerat.

148 2557 162 2566 ..
226 2475 228 2483 l
279 2494 313 2580 1,
333 2494 421 2580 m
450 2494 485 2560 in
513 2494 658 2561 omnium
686 2494 755 2560 fere
783 2497 928 2560 aetatum
962 2499 1060 2581 atque
1086 2495 1256 2564 characte-

191 2625 263 2668 rum
291 2599 455 2667 oodioibus
483 2605 616 2686 propter
643 2599 796 2666 ductuum
826 2599 1072 2667 similitudinem
1101 2601 1190 2669 inter
1217 2623 1272 2668 se·

191 2709 376 2793 permutata
399 2709 484 2770 sunt.
521 2703 771 2772 confunduntur
793 2704 839 2771 sio
863 2710 927 2770 tam
949 2709 982 2772 et
1003 2707 1084 2791 iom‚·
1108 2709 1142 2774 vi
1159 2711 1193 2774 et
1210 2713 1257 2794 et,

193 2813 275 2878 toeru
297 2813 331 2876 et
350 2811 441 2894 toreis,
462 2810 592 2877 deiecto
606 2813 640 2877 et
657 2811 794 2894 delectus,
816 2809 896 2877 iubet
909 2814 942 2876 et
956 2811 1044 2896 lubet,
1057 2811 1141 2878 unde
1154 2811 1257 2878 inter·

193 2915 318 3000 poletio
335 2918 416 2978 nata
433 2918 484 2978 est
502 2915 555 2999 22,
569 2916 622 3000 51,
637 2916 656 2981 'l
675 2915 711 2980 in
728 2915 802 2981 Put.
821 2915 943 2982 lubentes
955 2937 1015 3000 pro
1029 2917 1173 3000 iubentes,
1195 2939 1256 3002 pro
1353 2939 1356 2944 ·

194 3038 258 3104 quo
280 3017 315 3082 in
337 3016 456 3082 erubet
479 3019 593 3102 procul
616 3018 714 3086 dubio
738 3019 895 3104 scripturn
913 3019 977 3086 fnit
990 3020 1129 3088 zaneto.
1166 3020 1257 3090 Haeo

193 3121 249 3190 vix
271 3143 352 3208 opua
377 3125 427 3188 eet
450 3123 606 3209 exemplis
628 3124 779 3211 probare,
809 3124 922 3192 oblata
947 3129 1057 3192 tamea
1086 3126 1256 3194 oaeasione

115 3252 121 3262 ·
194 3249 306 3295 earum
334 3227 519 3294 litterarum
546 3228 733 3298 confusione
747 3231 962 3302 ‚firmabimus
988 3235 1085 3318 atque
1107 3231 1150 3298 ab
1173 3231 1256 3300 obli·
1287 3213 1292 3229 ’

195 3335 291 3402 vione
313 3333 478 3400 immerita
499 3333 734 3404 vindicabimus
757 3335 907 3424 Ruperui
931 3337 1111 3424 speciosam
1129 3338 1257 3406 eouiea·

171 3447 315 3554 atinam,
338 3463 402 3528 qua
425 3441 533 3508 looum
555 3443 844 3529 corruptissimum,
867 3443 923 3530 qui
945 3441 1079 3511 estlaiv.
1092 3443 1257 3530 22,31,o,
1286 3503 1289 3507 .

195 3549 230 3614 in
252 3547 417 3636 integrum
444 3547 626 3616 restituisse
652 3549 749 3617 nobis
780 3551 917 3618 videtur.
951 3547 1004 3617 lbi
1030 3549 1065 3616 in
1091 3543 1256 3618 Puteaneo

197 3657 231 3721 et
249 3651 438 3728 Oolbertino
461 3675 510 3741 pr.
533 3677 575 3722 m.
598 3657 722 3744 scripta
743 3656 824 3725 haee
852 3657 1017 3747 leguntur:
1038 3657 1083 3724 od
1102 3655 1187 3724 neue
1202 3655 1256 3724 lvo·

196 3762 317 3858 minues
330 3782 399 3830 evm
416 3761 459 3829 iis
470 3759 652 3847 Senprooio
664 3763 782 3832 Blaeso
794 3769 951 3848 meeber
967 3763 1127 3848 amosias,
1148 3762 1257 3832 dors&

198 3867 1255 3959 ollorooemulampzeauoeideezuoiasluumee
