<?xml version="1.0" encoding="UTF-8"?>
<!DOCTYPE html PUBLIC "-//W3C//DTD XHTML 1.0 Transitional//EN"
    "http://www.w3.org/TR/xhtml1/DTD/xhtml1-transitional.dtd">
<html xmlns="http://www.w3.org/1999/xhtml" xml:lang="en" lang="en">
 <head>
  <title>
</title>
<meta http-equiv="Content-Type" content="text/html;charset=utf-8" />
  <meta name='ocr-system' content='tesseract 3.04.00' />
  <meta name='ocr-capabilities' content='ocr_page ocr_carea ocr_par ocr_line ocrx_word'/>
</head>
<body>
  <div class='ocr_page' id='page_1' title='image "./quaestionescrit00heragoog_0088.png"; bbox 0 0 2766 4550; ppageno 0'>
   <div class='ocr_carea' id='block_1_1' title="bbox 534 337 748 404">
    <p class='ocr_par' dir='ltr' id='par_1_1' title="bbox 534 337 748 404">
     <span class='ocr_line' id='line_1_1' title="bbox 534 337 748 404; baseline 0.009 -20"><span class='ocrx_word' id='word_1_1' title='bbox 534 337 748 404; x_wconf 76' lang='lat'>..72-</span> 
     </span>
    </p>
   </div>
   <div class='ocr_carea' id='block_1_2' title="bbox 203 495 1357 596">
    <p class='ocr_par' dir='ltr' id='par_1_2' title="bbox 203 495 1357 596">
     <span class='ocr_line' id='line_1_2' title="bbox 203 495 1357 596; baseline 0.008 -36"><span class='ocrx_word' id='word_1_2' title='bbox 203 495 247 561; x_wconf 89' lang='lat' dir='ltr'>ib.</span> <span class='ocrx_word' id='word_1_3' title='bbox 263 495 318 580; x_wconf 75' lang='lat'>52,</span> <span class='ocrx_word' id='word_1_4' title='bbox 341 496 389 581; x_wconf 86' lang='lat'>14,</span> <span class='ocrx_word' id='word_1_5' title='bbox 411 496 467 562; x_wconf 92' lang='lat' dir='ltr'>ubi</span> <span class='ocrx_word' id='word_1_6' title='bbox 491 497 590 563; x_wconf 90' lang='lat' dir='ltr'>codex</span> <span class='ocrx_word' id='word_1_7' title='bbox 612 499 748 584; x_wconf 91' lang='lat' dir='ltr'>praebet</span> <span class='ocrx_word' id='word_1_8' title='bbox 769 501 912 566; x_wconf 80' lang='lat' dir='ltr'>ocimum</span> <span class='ocrx_word' id='word_1_9' title='bbox 928 501 983 569; x_wconf 81' lang='lat' dir='ltr'>tos</span> <span class='ocrx_word' id='word_1_10' title='bbox 1004 501 1176 568; x_wconf 75' lang='lat' dir='ltr'>tradendum</span> <span class='ocrx_word' id='word_1_11' title='bbox 1236 507 1237 512; x_wconf 76' lang='grc'>’</span> <span class='ocrx_word' id='word_1_12' title='bbox 1355 559 1357 596; x_wconf 83' lang='lat'>,</span> 
     </span>
    </p>
   </div>
   <div class='ocr_carea' id='block_1_3' title="bbox 108 601 1177 697">
    <p class='ocr_par' dir='ltr' id='par_1_3' title="bbox 108 601 1177 697">
     <span class='ocr_line' id='line_1_3' title="bbox 108 601 1177 697; baseline 0.007 -27"><span class='ocrx_word' id='word_1_13' title='bbox 108 622 178 670; x_wconf 82' lang='lat' dir='ltr'>esse</span> <span class='ocrx_word' id='word_1_14' title='bbox 198 606 272 688; x_wconf 79' lang='lat' dir='ltr'>cet,</span> <span class='ocrx_word' id='word_1_15' title='bbox 296 601 441 689; x_wconf 79' lang='lat' dir='ltr'>plerique</span> <span class='ocrx_word' id='word_1_16' title='bbox 464 603 568 670; x_wconf 88' lang='lat' dir='ltr'>critici</span> <span class='ocrx_word' id='word_1_17' title='bbox 589 603 644 672; x_wconf 81' lang='lat' dir='ltr'>lros</span> <span class='ocrx_word' id='word_1_18' title='bbox 666 605 788 673; x_wconf 89' lang='lat' dir='ltr'>tollunt</span> <span class='ocrx_word' id='word_1_19' title='bbox 809 629 869 674; x_wconf 84' lang='lat' dir='ltr'>nec</span> <span class='ocrx_word' id='word_1_20' title='bbox 892 608 1070 695; x_wconf 84' lang='lat' dir='ltr'>explicant,</span> <span class='ocrx_word' id='word_1_21' title='bbox 1098 631 1177 697; x_wconf 94' lang='lat' dir='ltr'>quo-</span> 
     </span>
    </p>
   </div>
   <div class='ocr_carea' id='block_1_4' title="bbox 110 710 1309 782">
    <p class='ocr_par' dir='ltr' id='par_1_4' title="bbox 110 710 1309 782">
     <span class='ocr_line' id='line_1_4' title="bbox 110 710 1309 782; baseline 0.006 -7"><span class='ocrx_word' id='word_1_22' title='bbox 110 711 211 776; x_wconf 90' lang='lat' dir='ltr'>modo</span> <span class='ocrx_word' id='word_1_23' title='bbox 238 710 273 775; x_wconf 91' lang='lat' dir='ltr'>in</span> <span class='ocrx_word' id='word_1_24' title='bbox 300 713 427 776; x_wconf 86' lang='lat' dir='ltr'>textum</span> <span class='ocrx_word' id='word_1_25' title='bbox 450 711 607 777; x_wconf 88' lang='lat' dir='ltr'>orationis</span> <span class='ocrx_word' id='word_1_26' title='bbox 630 713 763 778; x_wconf 85' lang='lat' dir='ltr'>venerit.</span> <span class='ocrx_word' id='word_1_27' title='bbox 803 713 872 779; x_wconf 84' lang='lat' dir='ltr'>Alii</span> <span class='ocrx_word' id='word_1_28' title='bbox 898 714 934 780; x_wconf 89' lang='lat' dir='ltr'>in</span> <span class='ocrx_word' id='word_1_29' title='bbox 957 737 995 781; x_wconf 89' lang='lat' dir='ltr'>ea</span> <span class='ocrx_word' id='word_1_30' title='bbox 1017 737 1095 782; x_wconf 80' lang='lat' dir='ltr'>uoce</span> <span class='ocrx_word' id='word_1_31' title='bbox 1118 716 1176 782; x_wconf 92' lang='lat' dir='ltr'>ali·</span> <span class='ocrx_word' id='word_1_32' title='bbox 1306 767 1309 772; x_wconf 84' lang='grc'>-</span> 
     </span>
    </p>
   </div>
   <div class='ocr_carea' id='block_1_5' title="bbox 38 817 1252 1673">
    <p class='ocr_par' dir='ltr' id='par_1_5' title="bbox 38 817 1252 1673">
     <span class='ocr_line' id='line_1_5' title="bbox 38 817 1248 908; baseline 0.002 -25"><span class='ocrx_word' id='word_1_33' title='bbox 38 829 43 836; x_wconf 87' lang='grc'><em>“</em></span> <span class='ocrx_word' id='word_1_34' title='bbox 110 817 193 904; x_wconf 92' lang='lat' dir='ltr'>quid</span> <span class='ocrx_word' id='word_1_35' title='bbox 214 817 317 884; x_wconf 88' lang='lat' dir='ltr'>latere</span> <span class='ocrx_word' id='word_1_36' title='bbox 340 817 553 904; x_wconf 89' lang='lat' dir='ltr'>suspicantur,</span> <span class='ocrx_word' id='word_1_37' title='bbox 575 819 664 886; x_wconf 84' lang='lat' dir='ltr'>velut</span> <span class='ocrx_word' id='word_1_38' title='bbox 683 818 841 908; x_wconf 79' lang='lat' dir='ltr'>Kreyssig</span> <span class='ocrx_word' id='word_1_39' title='bbox 863 821 920 906; x_wconf 81' lang='lat' dir='ltr'>ln&#39;s,</span> <span class='ocrx_word' id='word_1_40' title='bbox 938 820 1176 890; x_wconf 81' lang='lat' dir='ltr'>Weissenborn</span> <span class='ocrx_word' id='word_1_41' title='bbox 1246 883 1248 886; x_wconf 84' lang='lat'>.</span> 
     </span>
     <span class='ocr_line' id='line_1_6' title="bbox 109 925 1174 1022; baseline 0.004 -26"><span class='ocrx_word' id='word_1_42' title='bbox 109 927 157 996; x_wconf 75' lang='lat' dir='ltr'>cia</span> <span class='ocrx_word' id='word_1_43' title='bbox 171 925 222 994; x_wconf 85' lang='lat' dir='ltr'>vel</span> <span class='ocrx_word' id='word_1_44' title='bbox 236 927 302 994; x_wconf 71' lang='lat' dir='ltr'>adeo</span> <span class='ocrx_word' id='word_1_45' title='bbox 315 925 366 994; x_wconf 79' lang='lat' dir='ltr'>vel</span> <span class='ocrx_word' id='word_1_46' title='bbox 385 925 592 1016; x_wconf 79' lang='lat' dir='ltr'>participium</span> <span class='ocrx_word' id='word_1_47' title='bbox 607 927 746 1018; x_wconf 76' lang='lat' dir='ltr'>aliquod,</span> <span class='ocrx_word' id='word_1_48' title='bbox 762 951 866 1019; x_wconf 85' lang='lat' dir='ltr'>nuper</span> <span class='ocrx_word' id='word_1_49' title='bbox 880 928 985 1000; x_wconf 77' lang='lat' dir='ltr'>Cobet</span> <span class='ocrx_word' id='word_1_50' title='bbox 999 927 1174 1022; x_wconf 89' lang='lat' dir='ltr'>(Mnemos.</span> 
     </span>
     <span class='ocr_line' id='line_1_7' title="bbox 109 1034 1177 1134; baseline 0.007 -31"><span class='ocrx_word' id='word_1_51' title='bbox 109 1035 224 1124; x_wconf 78' lang='lat' dir='ltr'>rolli,</span> <span class='ocrx_word' id='word_1_52' title='bbox 241 1034 318 1126; x_wconf 81' lang='lat'>115)</span> <span class='ocrx_word' id='word_1_53' title='bbox 327 1039 423 1106; x_wconf 74' lang='grc' dir='ltr'><em>ηιοάο.</em></span> <span class='ocrx_word' id='word_1_54' title='bbox 446 1036 574 1106; x_wconf 88' lang='lat' dir='ltr'>Vahlen</span> <span class='ocrx_word' id='word_1_55' title='bbox 588 1037 711 1126; x_wconf 83' lang='lat' dir='ltr'>(Herm.</span> <span class='ocrx_word' id='word_1_56' title='bbox 726 1039 894 1110; x_wconf 83' lang='lat' dir='ltr'>volXVII</span> <span class='ocrx_word' id='word_1_57' title='bbox 907 1065 938 1134; x_wconf 93' lang='lat' dir='ltr'>p.</span> <span class='ocrx_word' id='word_1_58' title='bbox 953 1037 1034 1133; x_wconf 84' lang='lat'>610)</span> <span class='ocrx_word' id='word_1_59' title='bbox 1047 1040 1177 1130; x_wconf 87' lang='lat' dir='ltr'>primus</span> 
     </span>
     <span class='ocr_line' id='line_1_8' title="bbox 110 1145 1176 1235; baseline 0.008 -21"><span class='ocrx_word' id='word_1_60' title='bbox 110 1145 281 1235; x_wconf 74' lang='lat' dir='ltr'>perspexit</span> <span class='ocrx_word' id='word_1_61' title='bbox 316 1147 478 1235; x_wconf 76' lang='lat' dir='ltr'>corruptis</span> <span class='ocrx_word' id='word_1_62' title='bbox 513 1146 580 1214; x_wconf 90' lang='lat' dir='ltr'>illis</span> <span class='ocrx_word' id='word_1_63' title='bbox 616 1149 811 1219; x_wconf 78' lang='lat' dir='ltr'>onimomlros</span> <span class='ocrx_word' id='word_1_64' title='bbox 846 1150 1018 1220; x_wconf 87' lang='lat' dir='ltr'>lectionem</span> <span class='ocrx_word' id='word_1_65' title='bbox 1053 1152 1176 1222; x_wconf 76' lang='lat' dir='ltr'>animos</span> 
     </span>
     <span class='ocr_line' id='line_1_9' title="bbox 111 1256 1252 1344; baseline 0.005 -22"><span class='ocrx_word' id='word_1_66' title='bbox 111 1256 306 1344; x_wconf 85' lang='lat' dir='ltr'>significari,</span> <span class='ocrx_word' id='word_1_67' title='bbox 338 1258 393 1324; x_wconf 88' lang='lat' dir='ltr'>sed</span> <span class='ocrx_word' id='word_1_68' title='bbox 420 1257 506 1343; x_wconf 91' lang='lat' dir='ltr'>quod</span> <span class='ocrx_word' id='word_1_69' title='bbox 537 1279 609 1323; x_wconf 87' lang='lat' dir='ltr'>eam</span> <span class='ocrx_word' id='word_1_70' title='bbox 640 1257 745 1344; x_wconf 89' lang='lat' dir='ltr'>ipsam</span> <span class='ocrx_word' id='word_1_71' title='bbox 778 1260 952 1344; x_wconf 85' lang='lat' dir='ltr'>genuinam</span> <span class='ocrx_word' id='word_1_72' title='bbox 980 1283 1050 1327; x_wconf 85' lang='lat' dir='ltr'>esse</span> <span class='ocrx_word' id='word_1_73' title='bbox 1082 1265 1177 1328; x_wconf 83' lang='lat' dir='ltr'>retus</span> <span class='ocrx_word' id='word_1_74' title='bbox 1247 1277 1252 1292; x_wconf 87' lang='grc'><em>·</em></span> 
     </span>
     <span class='ocr_line' id='line_1_10' title="bbox 110 1363 1177 1456; baseline 0.006 -24"><span class='ocrx_word' id='word_1_75' title='bbox 110 1365 256 1452; x_wconf 90' lang='lat' dir='ltr'>plurales</span> <span class='ocrx_word' id='word_1_76' title='bbox 285 1364 320 1432; x_wconf 90' lang='lat' dir='ltr'>in</span> <span class='ocrx_word' id='word_1_77' title='bbox 348 1363 506 1451; x_wconf 87' lang='lat' dir='ltr'>reliquam</span> <span class='ocrx_word' id='word_1_78' title='bbox 536 1364 717 1456; x_wconf 87' lang='lat' dir='ltr'>orationem</span> <span class='ocrx_word' id='word_1_79' title='bbox 746 1365 874 1433; x_wconf 86' lang='lat' dir='ltr'>induxit</span> <span class='ocrx_word' id='word_1_80' title='bbox 897 1365 1044 1454; x_wconf 79' lang='lat' dir='ltr'>(animos</span> <span class='ocrx_word' id='word_1_81' title='bbox 1065 1369 1177 1438; x_wconf 57' lang='lat' dir='ltr'>lacos</span> 
     </span>
     <span class='ocr_line' id='line_1_11' title="bbox 110 1469 1209 1560; baseline 0.005 -17"><span class='ocrx_word' id='word_1_82' title='bbox 110 1475 181 1543; x_wconf 81' lang='lat' dir='ltr'>dos</span> <span class='ocrx_word' id='word_1_83' title='bbox 209 1494 286 1560; x_wconf 84' lang='lat' dir='ltr'>csse,</span> <span class='ocrx_word' id='word_1_84' title='bbox 316 1491 402 1559; x_wconf 80' lang='lat' dir='ltr'>quoe</span> <span class='ocrx_word' id='word_1_85' title='bbox 432 1495 492 1559; x_wconf 89' lang='lat' dir='ltr'>pro</span> <span class='ocrx_word' id='word_1_86' title='bbox 514 1469 633 1540; x_wconf 91' lang='lat' dir='ltr'>codicis</span> <span class='ocrx_word' id='word_1_87' title='bbox 657 1472 794 1541; x_wconf 88' lang='lat' dir='ltr'>lectione</span> <span class='ocrx_word' id='word_1_88' title='bbox 817 1476 959 1542; x_wconf 76' lang='lat' dir='ltr'>ocimum</span> <span class='ocrx_word' id='word_1_89' title='bbox 985 1475 1039 1545; x_wconf 81' lang='lat' dir='ltr'>los</span> <span class='ocrx_word' id='word_1_90' title='bbox 1063 1476 1174 1546; x_wconf 64' lang='lat' dir='ltr'>natm</span> <span class='ocrx_word' id='word_1_91' title='bbox 1207 1541 1209 1548; x_wconf 16' lang='grc' dir='ltr'><em>Α</em></span> 
     </span>
     <span class='ocr_line' id='line_1_12' title="bbox 110 1567 1199 1673; baseline 0.003 -24"><span class='ocrx_word' id='word_1_92' title='bbox 110 1583 189 1649; x_wconf 82' lang='lat' dir='ltr'>dum</span> <span class='ocrx_word' id='word_1_93' title='bbox 209 1601 280 1666; x_wconf 76' lang='lat' dir='ltr'>cese,</span> <span class='ocrx_word' id='word_1_94' title='bbox 301 1577 403 1669; x_wconf 64' lang='lat' dir='ltr'>wer)</span> <span class='ocrx_word' id='word_1_95' title='bbox 424 1580 533 1647; x_wconf 88' lang='lat' dir='ltr'>nescio</span> <span class='ocrx_word' id='word_1_96' title='bbox 561 1603 603 1647; x_wconf 89' lang='lat' dir='ltr'>an</span> <span class='ocrx_word' id='word_1_97' title='bbox 629 1585 759 1668; x_wconf 88' lang='lat' dir='ltr'>praeter</span> <span class='ocrx_word' id='word_1_98' title='bbox 785 1583 1013 1650; x_wconf 87' lang='lat' dir='ltr'>necessitatem</span> <span class='ocrx_word' id='word_1_99' title='bbox 1041 1567 1199 1673; x_wconf 48' lang='lat' dir='ltr'>longius*</span> 
     </span>
    </p>
   </div>
   <div class='ocr_carea' id='block_1_6' title="bbox 112 1687 1176 1778">
    <p class='ocr_par' dir='ltr' id='par_1_6' title="bbox 112 1687 1176 1778">
     <span class='ocr_line' id='line_1_13' title="bbox 112 1687 1176 1778; baseline 0.003 -22"><span class='ocrx_word' id='word_1_100' title='bbox 112 1711 307 1778; x_wconf 88' lang='lat' dir='ltr'>progressus</span> <span class='ocrx_word' id='word_1_101' title='bbox 339 1688 393 1756; x_wconf 80' lang='lat' dir='ltr'>sit</span> <span class='ocrx_word' id='word_1_102' title='bbox 436 1687 590 1755; x_wconf 86' lang='lat' dir='ltr'>Mendum</span> <span class='ocrx_word' id='word_1_103' title='bbox 622 1689 751 1756; x_wconf 80' lang='lat' dir='ltr'>facilem</span> <span class='ocrx_word' id='word_1_104' title='bbox 785 1689 886 1757; x_wconf 86' lang='lat' dir='ltr'>habet</span> <span class='ocrx_word' id='word_1_105' title='bbox 922 1691 1176 1778; x_wconf 74' lang='lat' dir='ltr'>explicationem</span> 
     </span>
    </p>
   </div>
   <div class='ocr_carea' id='block_1_7' title="bbox 113 1801 1260 1940">
    <p class='ocr_par' dir='ltr' id='par_1_7' title="bbox 113 1801 1260 1940">
     <span class='ocr_line' id='line_1_14' title="bbox 113 1801 1260 1940; baseline 0 -22"><span class='ocrx_word' id='word_1_106' title='bbox 113 1856 248 1938; x_wconf 88' lang='lat' dir='ltr'>sumpta</span> <span class='ocrx_word' id='word_1_107' title='bbox 270 1849 437 1938; x_wconf 71' lang='lat' dir='ltr'>archetypi</span> <span class='ocrx_word' id='word_1_108' title='bbox 461 1850 622 1937; x_wconf 88' lang='lat' dir='ltr'>scriptura</span> <span class='ocrx_word' id='word_1_109' title='bbox 639 1801 782 1920; x_wconf 49' lang='lat' dir='ltr'>anime.</span> <span class='ocrx_word' id='word_1_110' title='bbox 808 1849 912 1920; x_wconf 80' lang='lat' dir='ltr'>Prusa</span> <span class='ocrx_word' id='word_1_111' title='bbox 930 1851 1072 1919; x_wconf 88' lang='lat' dir='ltr'>insertae</span> <span class='ocrx_word' id='word_1_112' title='bbox 1091 1853 1176 1940; x_wconf 92' lang='lat' dir='ltr'>aspi·</span> <span class='ocrx_word' id='word_1_113' title='bbox 1258 1926 1260 1930; x_wconf 52' lang='grc'><strong>,</strong></span> 
     </span>
    </p>
   </div>
   <div class='ocr_carea' id='block_1_8' title="bbox 113 1953 1172 2134">
    <p class='ocr_par' dir='ltr' id='par_1_8' title="bbox 113 1953 1172 2134">
     <span class='ocr_line' id='line_1_15' title="bbox 113 1953 1172 2053; baseline 0.001 -27"><span class='ocrx_word' id='word_1_114' title='bbox 113 1957 253 2026; x_wconf 84' lang='lat' dir='ltr'>rationis</span> <span class='ocrx_word' id='word_1_115' title='bbox 285 1953 486 2048; x_wconf 79' lang='lat' dir='ltr'>(animumne,</span> <span class='ocrx_word' id='word_1_116' title='bbox 522 1955 730 2050; x_wconf 69' lang='lat' dir='ltr'>animandos)</span> <span class='ocrx_word' id='word_1_117' title='bbox 763 1959 926 2053; x_wconf 48' lang='lat' dir='ltr'>exempla,</span> <span class='ocrx_word' id='word_1_118' title='bbox 946 1981 1044 2046; x_wconf 90' lang='lat' dir='ltr'>supra</span> <span class='ocrx_word' id='word_1_119' title='bbox 1074 1983 1106 2046; x_wconf 89' lang='lat' dir='ltr'>p.</span> <span class='ocrx_word' id='word_1_120' title='bbox 1129 1961 1172 2028; x_wconf 89' lang='lat'>41</span> 
     </span>
     <span class='ocr_line' id='line_1_16' title="bbox 113 2066 294 2134; baseline 0 0"><span class='ocrx_word' id='word_1_121' title='bbox 113 2066 294 2134; x_wconf 85' lang='lat' dir='ltr'>attulimus.</span> 
     </span>
    </p>
   </div>
   <div class='ocr_carea' id='block_1_9' title="bbox 202 2183 1177 2322">
    <p class='ocr_par' dir='ltr' id='par_1_9' title="bbox 202 2183 1177 2322">
     <span class='ocr_line' id='line_1_17' title="bbox 202 2183 1177 2322; baseline 0.001 -25"><span class='ocrx_word' id='word_1_122' title='bbox 202 2231 256 2318; x_wconf 83' lang='lat'>43,</span> <span class='ocrx_word' id='word_1_123' title='bbox 267 2231 298 2316; x_wconf 79' lang='lat'>2,</span> <span class='ocrx_word' id='word_1_124' title='bbox 313 2229 353 2298; x_wconf 83' lang='lat'>12</span> <span class='ocrx_word' id='word_1_125' title='bbox 366 2228 768 2315; x_wconf 62' lang='lat' dir='ltr'>crepuere-menno</span> <span class='ocrx_word' id='word_1_126' title='bbox 782 2252 806 2296; x_wconf 69' lang='lat' dir='ltr'>s.</span> <span class='ocrx_word' id='word_1_127' title='bbox 820 2229 976 2316; x_wconf 59' lang='lat' dir='ltr'>samec</span> <span class='ocrx_word' id='word_1_128' title='bbox 989 2183 1177 2322; x_wconf 54' lang='lat' dir='ltr'>(renisu</span> 
     </span>
    </p>
   </div>
   <div class='ocr_carea' id='block_1_10' title="bbox 111 2337 1268 2730">
    <p class='ocr_par' dir='ltr' id='par_1_10' title="bbox 111 2337 1268 2730">
     <span class='ocr_line' id='line_1_18' title="bbox 112 2337 1268 2430; baseline 0.003 -26"><span class='ocrx_word' id='word_1_129' title='bbox 112 2338 196 2405; x_wconf 90' lang='lat' dir='ltr'>illud</span> <span class='ocrx_word' id='word_1_130' title='bbox 226 2360 339 2405; x_wconf 81' lang='lat' dir='ltr'>rerum</span> <span class='ocrx_word' id='word_1_131' title='bbox 375 2359 445 2404; x_wconf 87' lang='lat' dir='ltr'>esse</span> <span class='ocrx_word' id='word_1_132' title='bbox 482 2359 594 2405; x_wconf 90' lang='lat' dir='ltr'>omncs</span> <span class='ocrx_word' id='word_1_133' title='bbox 629 2337 869 2423; x_wconf 87' lang='lat' dir='ltr'>intellexerunt,</span> <span class='ocrx_word' id='word_1_134' title='bbox 905 2339 977 2406; x_wconf 84' lang='lat' dir='ltr'>vitii</span> <span class='ocrx_word' id='word_1_135' title='bbox 1014 2338 1177 2430; x_wconf 82' lang='lat' dir='ltr'>originem</span> <span class='ocrx_word' id='word_1_136' title='bbox 1266 2343 1268 2351; x_wconf 86' lang='lat'>&#39;</span> 
     </span>
     <span class='ocr_line' id='line_1_19' title="bbox 111 2445 1177 2536; baseline 0.004 -23"><span class='ocrx_word' id='word_1_137' title='bbox 111 2467 210 2513; x_wconf 86' lang='lat' dir='ltr'>nemo</span> <span class='ocrx_word' id='word_1_138' title='bbox 218 2445 252 2531; x_wconf 90' lang='lat'>¹).</span> <span class='ocrx_word' id='word_1_139' title='bbox 301 2445 456 2531; x_wconf 68' lang='lat' dir='ltr'>Hrspom&#39;s</span> <span class='ocrx_word' id='word_1_140' title='bbox 486 2449 596 2512; x_wconf 89' lang='lat' dir='ltr'>autem</span> <span class='ocrx_word' id='word_1_141' title='bbox 631 2445 806 2533; x_wconf 80' lang='lat' dir='ltr'>neglegens</span> <span class='ocrx_word' id='word_1_142' title='bbox 843 2445 997 2534; x_wconf 85' lang='lat' dir='ltr'>librarius</span> <span class='ocrx_word' id='word_1_143' title='bbox 1034 2449 1177 2536; x_wconf 89' lang='lat' dir='ltr'>scripsit,</span> 
     </span>
     <span class='ocr_line' id='line_1_20' title="bbox 115 2553 1177 2656; baseline 0.003 -35"><span class='ocrx_word' id='word_1_144' title='bbox 115 2575 190 2621; x_wconf 88' lang='lat' dir='ltr'>cum</span> <span class='ocrx_word' id='word_1_145' title='bbox 220 2553 273 2620; x_wconf 87' lang='lat' dir='ltr'>bis</span> <span class='ocrx_word' id='word_1_146' title='bbox 304 2553 390 2620; x_wconf 90' lang='lat' dir='ltr'>idem</span> <span class='ocrx_word' id='word_1_147' title='bbox 423 2553 615 2620; x_wconf 82' lang='lat' dir='ltr'>vocabulum</span> <span class='ocrx_word' id='word_1_148' title='bbox 647 2553 759 2626; x_wconf 87' lang='lat' dir='ltr'>eodem</span> <span class='ocrx_word' id='word_1_149' title='bbox 790 2575 867 2621; x_wconf 89' lang='lat' dir='ltr'>casu</span> <span class='ocrx_word' id='word_1_150' title='bbox 893 2554 991 2641; x_wconf 91' lang='lat' dir='ltr'>paulo</span> <span class='ocrx_word' id='word_1_151' title='bbox 1019 2560 1094 2624; x_wconf 87' lang='lat' dir='ltr'>ante</span> <span class='ocrx_word' id='word_1_152' title='bbox 1123 2580 1177 2656; x_wconf 82' lang='lat' dir='ltr'>ex·¹</span> 
     </span>
     <span class='ocr_line' id='line_1_21' title="bbox 116 2667 250 2730; baseline 0.007 -1"><span class='ocrx_word' id='word_1_153' title='bbox 116 2667 250 2730; x_wconf 66' lang='lat' dir='ltr'>nasset.</span> 
     </span>
    </p>
   </div>
   <div class='ocr_carea' id='block_1_11' title="bbox 76 2777 1278 2975">
    <p class='ocr_par' dir='ltr' id='par_1_11' title="bbox 76 2777 1278 2975">
     <span class='ocr_line' id='line_1_22' title="bbox 76 2777 1176 2867; baseline 0.002 -21"><span class='ocrx_word' id='word_1_154' title='bbox 76 2853 79 2861; x_wconf 92' lang='lat'>.</span> <span class='ocrx_word' id='word_1_155' title='bbox 204 2780 261 2865; x_wconf 87' lang='lat'>44,</span> <span class='ocrx_word' id='word_1_156' title='bbox 284 2777 341 2865; x_wconf 81' lang='lat'>26,</span> <span class='ocrx_word' id='word_1_157' title='bbox 368 2779 389 2846; x_wconf 84' lang='lat'><strong>3</strong></span> <span class='ocrx_word' id='word_1_158' title='bbox 411 2778 583 2846; x_wconf 62' lang='lat' dir='ltr'>concedant</span> <span class='ocrx_word' id='word_1_159' title='bbox 605 2807 647 2834; x_wconf 63' lang='lat' dir='ltr'>a</span> <span class='ocrx_word' id='word_1_160' title='bbox 671 2778 829 2846; x_wconf 61' lang='lat' dir='ltr'>metunt</span> <span class='ocrx_word' id='word_1_161' title='bbox 850 2779 901 2846; x_wconf 83' lang='lat' dir='ltr'>vel</span> <span class='ocrx_word' id='word_1_162' title='bbox 924 2779 1068 2848; x_wconf 71' lang='lat' dir='ltr'>cendant</span> <span class='ocrx_word' id='word_1_163' title='bbox 1088 2781 1176 2867; x_wconf 90' lang='lat' dir='ltr'>qnod</span> 
     </span>
     <span class='ocr_line' id='line_1_23' title="bbox 118 2891 1278 2975; baseline 0 -20"><span class='ocrx_word' id='word_1_164' title='bbox 118 2910 254 2975; x_wconf 82' lang='lat' dir='ltr'>pravum</span> <span class='ocrx_word' id='word_1_165' title='bbox 276 2891 337 2954; x_wconf 90' lang='lat' dir='ltr'>est.</span> <span class='ocrx_word' id='word_1_166' title='bbox 1274 2903 1278 2908; x_wconf 82' lang='grc'><strong><em>·</em></strong></span> 
     </span>
    </p>
   </div>
   <div class='ocr_carea' id='block_1_12' title="bbox 204 3004 1178 3092">
    <p class='ocr_par' dir='ltr' id='par_1_12' title="bbox 204 3004 1178 3092">
     <span class='ocr_line' id='line_1_24' title="bbox 204 3004 1178 3092; baseline -0.001 -20"><span class='ocrx_word' id='word_1_167' title='bbox 204 3005 258 3091; x_wconf 80' lang='grc'>45,</span> <span class='ocrx_word' id='word_1_168' title='bbox 278 3005 336 3089; x_wconf 89' lang='lat'>44,</span> <span class='ocrx_word' id='word_1_169' title='bbox 362 3004 402 3070; x_wconf 83' lang='lat'>15</span> <span class='ocrx_word' id='word_1_170' title='bbox 422 3023 515 3070; x_wconf 79' lang='lat' dir='ltr'>sueno</span> <span class='ocrx_word' id='word_1_171' title='bbox 541 3025 601 3089; x_wconf 90' lang='lat' dir='ltr'>pro</span> <span class='ocrx_word' id='word_1_172' title='bbox 623 3025 675 3070; x_wconf 85' lang='lat' dir='ltr'>scu</span> <span class='ocrx_word' id='word_1_173' title='bbox 701 3007 818 3070; x_wconf 89' lang='lat' dir='ltr'>natum</span> <span class='ocrx_word' id='word_1_174' title='bbox 840 3007 921 3091; x_wconf 86' lang='lat' dir='ltr'>puto</span> <span class='ocrx_word' id='word_1_175' title='bbox 944 3025 984 3072; x_wconf 87' lang='lat' dir='ltr'>ex</span> <span class='ocrx_word' id='word_1_176' title='bbox 1006 3005 1178 3092; x_wconf 75' lang='lat' dir='ltr'>archetypi</span> 
     </span>
    </p>
   </div>
   <div class='ocr_carea' id='block_1_13' title="bbox 117 3124 1177 3357">
    <p class='ocr_par' dir='ltr' id='par_1_13' title="bbox 117 3124 1177 3357">
     <span class='ocr_line' id='line_1_25' title="bbox 117 3124 1175 3251; baseline 0 -19"><span class='ocrx_word' id='word_1_177' title='bbox 117 3124 348 3251; x_wconf 75' lang='lat' dir='ltr'>scriptumscd</span> <span class='ocrx_word' id='word_1_178' title='bbox 374 3161 718 3251; x_wconf 60' lang='lat' dir='ltr'>(intremescere).</span> <span class='ocrx_word' id='word_1_179' title='bbox 762 3162 896 3249; x_wconf 80' lang='lat' dir='ltr'>Forma,</span> <span class='ocrx_word' id='word_1_180' title='bbox 926 3186 1009 3250; x_wconf 88' lang='lat' dir='ltr'>quac</span> <span class='ocrx_word' id='word_1_181' title='bbox 1042 3169 1094 3232; x_wconf 86' lang='lat' dir='ltr'>est</span> <span class='ocrx_word' id='word_1_182' title='bbox 1124 3185 1175 3232; x_wconf 86' lang='lat' dir='ltr'>seo</span> 
     </span>
     <span class='ocr_line' id='line_1_26' title="bbox 117 3269 1177 3357; baseline 0 -19"><span class='ocrx_word' id='word_1_183' title='bbox 117 3283 176 3357; x_wconf 89' lang='lat' dir='ltr'>pro</span> <span class='ocrx_word' id='word_1_184' title='bbox 202 3291 268 3357; x_wconf 82' lang='lat' dir='ltr'>sea,</span> <span class='ocrx_word' id='word_1_185' title='bbox 294 3270 329 3336; x_wconf 91' lang='lat' dir='ltr'>in</span> <span class='ocrx_word' id='word_1_186' title='bbox 355 3269 487 3336; x_wconf 89' lang='lat' dir='ltr'>tabellis</span> <span class='ocrx_word' id='word_1_187' title='bbox 516 3269 744 3356; x_wconf 82' lang='lat' dir='ltr'>codicibusque</span> <span class='ocrx_word' id='word_1_188' title='bbox 771 3269 870 3336; x_wconf 89' lang='lat' dir='ltr'>medii</span> <span class='ocrx_word' id='word_1_189' title='bbox 893 3269 965 3336; x_wconf 82' lang='lat' dir='ltr'>acri</span> <span class='ocrx_word' id='word_1_190' title='bbox 987 3269 1101 3337; x_wconf 90' lang='lat' dir='ltr'>crebro</span> <span class='ocrx_word' id='word_1_191' title='bbox 1125 3291 1177 3338; x_wconf 90' lang='lat' dir='ltr'>oc·</span> 
     </span>
    </p>
   </div>
   <div class='ocr_carea' id='block_1_14' title="bbox 117 3525 1262 4056">
    <p class='ocr_par' dir='ltr' id='par_1_14' title="bbox 117 3525 1262 4056">
     <span class='ocr_line' id='line_1_27' title="bbox 207 3525 1231 3606; baseline 0.001 -16"><span class='ocrx_word' id='word_1_192' title='bbox 207 3537 234 3604; x_wconf 85' lang='grc' dir='ltr'>ι)</span> <span class='ocrx_word' id='word_1_193' title='bbox 251 3533 322 3590; x_wconf 76' lang='lat' dir='ltr'>nire</span> <span class='ocrx_word' id='word_1_194' title='bbox 340 3537 370 3590; x_wconf 87' lang='lat' dir='ltr'>et</span> <span class='ocrx_word' id='word_1_195' title='bbox 385 3533 415 3588; x_wconf 89' lang='lat' dir='ltr'>in</span> <span class='ocrx_word' id='word_1_196' title='bbox 430 3531 596 3606; x_wconf 85' lang='lat' dir='ltr'>explicando</span> <span class='ocrx_word' id='word_1_197' title='bbox 614 3547 708 3590; x_wconf 85' lang='lat' dir='ltr'>errore</span> <span class='ocrx_word' id='word_1_198' title='bbox 726 3536 756 3590; x_wconf 80' lang='lat' dir='ltr'>et</span> <span class='ocrx_word' id='word_1_199' title='bbox 773 3534 803 3590; x_wconf 87' lang='lat' dir='ltr'>in</span> <span class='ocrx_word' id='word_1_200' title='bbox 820 3533 953 3606; x_wconf 85' lang='lat' dir='ltr'>ponenda</span> <span class='ocrx_word' id='word_1_201' title='bbox 969 3551 1038 3592; x_wconf 76' lang='lat' dir='ltr'>vera</span> <span class='ocrx_word' id='word_1_202' title='bbox 1054 3525 1181 3591; x_wconf 83' lang='lat' dir='ltr'>lectione</span> <span class='ocrx_word' id='word_1_203' title='bbox 1229 3535 1231 3542; x_wconf 81' lang='grc'><strong>“</strong></span> 
     </span>
     <span class='ocr_line' id='line_1_28' title="bbox 118 3617 1182 3696; baseline -0.003 -15"><span class='ocrx_word' id='word_1_204' title='bbox 118 3625 194 3680; x_wconf 80' lang='lat' dir='ltr'>errat</span> <span class='ocrx_word' id='word_1_205' title='bbox 214 3621 362 3680; x_wconf 81' lang='lat' dir='ltr'>Gitlbaaer</span> <span class='ocrx_word' id='word_1_206' title='bbox 387 3617 407 3677; x_wconf 90' lang='lat'>1.</span> <span class='ocrx_word' id='word_1_207' title='bbox 425 3637 449 3677; x_wconf 91' lang='lat' dir='ltr'>c.</span> <span class='ocrx_word' id='word_1_208' title='bbox 467 3639 495 3694; x_wconf 89' lang='lat' dir='ltr'>p.</span> <span class='ocrx_word' id='word_1_209' title='bbox 514 3627 562 3692; x_wconf 78' lang='grc'>84,</span> <span class='ocrx_word' id='word_1_210' title='bbox 585 3638 649 3678; x_wconf 89' lang='lat' dir='ltr'>cum</span> <span class='ocrx_word' id='word_1_211' title='bbox 666 3623 828 3695; x_wconf 63' lang='lat' dir='ltr'>repam</span> <span class='ocrx_word' id='word_1_212' title='bbox 845 3621 879 3680; x_wconf 86' lang='lat' dir='ltr'>ex</span> <span class='ocrx_word' id='word_1_213' title='bbox 896 3621 1021 3696; x_wconf 82' lang='lat' dir='ltr'>genuina</span> <span class='ocrx_word' id='word_1_214' title='bbox 1038 3619 1182 3692; x_wconf 85' lang='lat' dir='ltr'>scriptura</span> 
     </span>
     <span class='ocr_line' id='line_1_29' title="bbox 118 3704 1262 3786; baseline 0.003 -18"><span class='ocrx_word' id='word_1_215' title='bbox 118 3711 255 3786; x_wconf 62' lang='lat' dir='ltr'>trapam</span> <span class='ocrx_word' id='word_1_216' title='bbox 281 3712 394 3768; x_wconf 70' lang='lat' dir='ltr'>escun</span> <span class='ocrx_word' id='word_1_217' title='bbox 422 3725 483 3768; x_wconf 82' lang='lat' dir='ltr'>ease</span> <span class='ocrx_word' id='word_1_218' title='bbox 513 3709 589 3783; x_wconf 77' lang='lat' dir='ltr'>rigls</span> <span class='ocrx_word' id='word_1_219' title='bbox 620 3709 819 3784; x_wconf 82' lang='lat' dir='ltr'>intempestive</span> <span class='ocrx_word' id='word_1_220' title='bbox 850 3704 999 3770; x_wconf 82' lang='lat' dir='ltr'>intellecta</span> <span class='ocrx_word' id='word_1_221' title='bbox 1025 3707 1174 3782; x_wconf 80' lang='lat' dir='ltr'>significat</span> <span class='ocrx_word' id='word_1_222' title='bbox 1223 3761 1227 3765; x_wconf 96' lang='lat'>.</span> <span class='ocrx_word' id='word_1_223' title='bbox 1260 3761 1262 3772; x_wconf 93' lang='lat'>.</span> 
     </span>
     <span class='ocr_line' id='line_1_30' title="bbox 117 3797 1181 3877; baseline -0.001 -18"><span class='ocrx_word' id='word_1_224' title='bbox 117 3800 291 3876; x_wconf 69' lang='lat' dir='ltr'>mugram</span> <span class='ocrx_word' id='word_1_225' title='bbox 307 3799 412 3858; x_wconf 83' lang='lat' dir='ltr'>codicis</span> <span class='ocrx_word' id='word_1_226' title='bbox 430 3801 571 3875; x_wconf 85' lang='lat' dir='ltr'>scriptura</span> <span class='ocrx_word' id='word_1_227' title='bbox 592 3799 707 3873; x_wconf 75' lang='lat' dir='ltr'>fefellit,</span> <span class='ocrx_word' id='word_1_228' title='bbox 729 3803 772 3860; x_wconf 83' lang='lat' dir='ltr'>ita</span> <span class='ocrx_word' id='word_1_229' title='bbox 793 3804 827 3859; x_wconf 84' lang='lat' dir='ltr'>ut</span> <span class='ocrx_word' id='word_1_230' title='bbox 847 3803 985 3877; x_wconf 74' lang='lat' dir='ltr'>hispanos,</span> <span class='ocrx_word' id='word_1_231' title='bbox 1003 3801 1061 3858; x_wconf 73' lang='lat' dir='ltr'>sici</span> <span class='ocrx_word' id='word_1_232' title='bbox 1082 3797 1181 3858; x_wconf 84' lang='lat' dir='ltr'>inesse</span> 
     </span>
     <span class='ocr_line' id='line_1_31' title="bbox 119 3881 1180 3966; baseline 0 -18"><span class='ocrx_word' id='word_1_233' title='bbox 119 3892 313 3964; x_wconf 76' lang='lat' dir='ltr'>msptearstur,</span> <span class='ocrx_word' id='word_1_234' title='bbox 331 3889 407 3964; x_wconf 85' lang='lat' dir='ltr'>quod</span> <span class='ocrx_word' id='word_1_235' title='bbox 424 3907 482 3948; x_wconf 86' lang='lat' dir='ltr'>non</span> <span class='ocrx_word' id='word_1_236' title='bbox 498 3907 555 3948; x_wconf 86' lang='lat' dir='ltr'>unc</span> <span class='ocrx_word' id='word_1_237' title='bbox 568 3891 682 3950; x_wconf 82' lang='lat' dir='ltr'>nomina</span> <span class='ocrx_word' id='word_1_238' title='bbox 695 3881 844 3966; x_wconf 75' lang='lat' dir='ltr'>displicere</span> <span class='ocrx_word' id='word_1_239' title='bbox 857 3891 892 3950; x_wconf 84' lang='grc' dir='ltr'>Η.</span> <span class='ocrx_word' id='word_1_240' title='bbox 906 3891 928 3952; x_wconf 87' lang='lat'>1.</span> <span class='ocrx_word' id='word_1_241' title='bbox 941 3889 1061 3949; x_wconf 75' lang='lat' dir='ltr'>Mueller</span> <span class='ocrx_word' id='word_1_242' title='bbox 1073 3887 1105 3947; x_wconf 81' lang='lat' dir='ltr'>in</span> <span class='ocrx_word' id='word_1_243' title='bbox 1118 3888 1180 3948; x_wconf 71' lang='lat' dir='ltr'>art’</span> 
     </span>
     <span class='ocr_line' id='line_1_32' title="bbox 118 3977 1179 4056; baseline 0.001 -19"><span class='ocrx_word' id='word_1_244' title='bbox 118 3979 273 4040; x_wconf 79' lang='lat' dir='ltr'>Weissenb.</span> <span class='ocrx_word' id='word_1_245' title='bbox 290 3979 362 4039; x_wconf 81' lang='lat' dir='ltr'>banc</span> <span class='ocrx_word' id='word_1_246' title='bbox 380 3977 516 4056; x_wconf 81' lang='lat' dir='ltr'>exposuit</span> <span class='ocrx_word' id='word_1_247' title='bbox 632 4002 638 4016; x_wconf 91' lang='lat'><strong>·</strong></span> <span class='ocrx_word' id='word_1_248' title='bbox 726 4007 728 4011; x_wconf 33' lang='lat' dir='ltr'>v</span> <span class='ocrx_word' id='word_1_249' title='bbox 868 4021 870 4026; x_wconf 68' lang='lat'>,</span> <span class='ocrx_word' id='word_1_250' title='bbox 1175 3985 1179 3994; x_wconf 88' lang='lat'>&#39;</span> 
     </span>
    </p>
   </div>
   <div class='ocr_carea' id='block_1_15' title="bbox 0 0 1398 4550">
    <p class='ocr_par' dir='ltr' id='par_1_15' title="bbox 0 0 1398 4550">
     <span class='ocr_line' id='line_1_33' title="bbox 0 0 1398 4550; baseline 0 0"><span class='ocrx_word' id='word_1_251' title='bbox 0 0 1398 4550; x_wconf 95' lang='lat' dir='ltr'> </span> 
     </span>
    </p>
   </div>
  </div>
 </body>
</html>
