2794 4546
713 433 1039 500 -3....

205 655 209 660 ,
270 594 439 678 solebant,
472 592 666 659 inveniatur.
715 591 812 660 Hune
845 597 955 659 autem
987 593 1131 660 codicem
1163 593 1336 660 virtutibus
1380 591 1381 650 ἶ

134 709 234 764 .;-ῑ·
273 699 466 786 praeclaris,
488 699 575 766 inter
598 722 679 784 quas
701 721 769 766 non
792 698 942 764 infimum
964 699 1074 766 locum
1097 700 1226 767 obtinet
1244 697 1337 766 iuter-
1380 679 1381 752 i

156 877 158 884 ,
273 806 481 892 polationum
495 805 634 892 simplex
647 805 801 889 rudisque
816 803 936 890 forma,
956 805 1146 891 aequiperat
1159 804 1227 872 fere
1241 803 1337 872 codex

273 912 389 978 unicus
410 912 542 998 quintae
561 911 691 978 decadis
705 909 971 977 Vindobonensis
995 907 1107 998 (quem
1124 910 1157 978 V
1178 911 1231 979 vel
1245 910 1338 977 Vind.
1380 987 1381 992 γ

88 1037 92 1044 ·
207 1083 210 1090 ,
274 1014 483 1104 designabo),
515 1018 638 1102 inquo
668 1020 780 1082 tamen
806 1015 858 1081 vel
875 1015 1027 1082 'maxime
1050 1017 1224 1082 dolendum
1245 1016 1336 1082 nobis
1380 1059 1381 1068 κ

273 1128 448 1208 astatque
478 1121 520 1187 ab
543 1121 639 1187 initio
670 1121 869 1188 monendum
890 1122 1071 1208 permultos
1095 1121 1185 1188 locos
1208 1127 1338 1208 propter
1380 1193 1381 1210 ἶ

193 1261 195 1265 ·
274 1229 471 1295 collatorum
494 1225 747 1313 discrepantiam
770 1228 805 1293 in
824 1229 971 1295 ordinem
989 1227 1223 1314 disputationis
1242 1229 1337 1314 recipi
1380 1251 1381 1264 ¹

274 1357 341 1401 non
367 1334 526 1421 potuisse.
576 1332 628 1400 Ab
656 1333 709 1400 his
737 1334 878 1403 maxime
908 1335 1073 1402 codicibus
1100 1332 1337 1420 proficiscentes
1380 1347 1381 1422 J

273 1442 432 1508 nonnulla
464 1441 573 1526 capita
607 1441 800 1508 mendorum
831 1442 1033 1528 proposituri
1064 1463 1189 1527 sumus,
1230 1440 1337 1508 electis
1380 1499 1381 1502 ,

146 1639 150 1644 1
273 1549 433 1635 exemplis
457 1564 555 1634 quarn
581 1547 715 1614 minime
739 1548 862 1634 dubiis,
898 1549 929 1615 h.
950 1571 978 1615 e
1005 1547 1128 1615 talibus
1160 1547 1256 1634 loeis,
1287 1545 1338 1632 qui
1380 1543 1381 1618 J

16 1636 21 1650 ³
113 1695 115 1698 -
176 1747 178 1750 .
276 1656 450 1725 lectionem
479 1655 604 1742 optimo
635 1655 751 1742 cuique
775 1655 890 1723 critico
913 1657 1087 1743 probatam
1114 1659 1337 1743 receptamque
1380 1675 1381 1748 j

273 1763 412 1849 habent,
444 1762 603 1829 immixtis
627 1762 728 1829 etiam
750 1762 896 1830 virorum
919 1763 1090 1832 doctorum
1113 1760 1337 1830 emendationi·

274 1871 351 1955 bus,
374 1892 457 1955 quae
480 1869 645 1936 immerito
669 1870 711 1935 ab
735 1869 916 1936 editoribus
940 1874 1080 1956 spretae*
1093 1869 1250 1938 vitiorum
1270 1859 1350 1936 cons
1380 1953 1381 1958 ἵ

273 1975 472 2043 sideratione
494 1997 615 2042 novam
636 1975 735 2042 fidem
757 1997 942 2062 novumque
965 1975 1172 2062 splendorem
1198 1972 1336 2043 nancisci
1380 1999 1381 2002 ¹

266 2083 369 2149 n'obis
387 2082 553 2168 ridentur,
575 2081 733 2148 adhibitis
747 2083 871 2168 passim
885 2083 1024 2149 aliorum
1038 2082 1238 2168 scriptorum
1249 2079 1335 2148 libris
1380 2095 1381 2176 J

273 2211 373 2256 manu
400 2188 533 2274 scriptis
560 2189 666 2256 bonae
692 2193 805 2274 notae,
840 2190 958 2275 quibus
985 2189 1174 2257 mendosam
1200 2187 1336 2276 proprie·

127 2297 128 2304 ’
204 2375 205 2379 ¹
274 2299 361 2362 tates
390 2315 587 2382 cognoscere
614 2295 706 2382 licet,
738 2296 829 2363 velut
861 2297 1027 2364 codicibus
1052 2295 1207 2364 Mediceis
1231 2287 1336 2384 (Med)
1380 2281 1381 2366 ?

274 2399 429 2488 Vergilii,
456 2401 577 2487 Taciti,
610 2400 776 2470 Ciceronis
805 2403 1034 2489 epistularum,
1063 2401 1216 2470 Palatino
1243 2398 1335 2490 (Pal.)
1380 2441 1381 2448 κ

152 2575 160 2588 „
271 2511 309 2572 et
335 2505 486 2574 Romano
515 2505 638 2595 (Rom)
671 2505 826 2596 Vergilii,
859 2509 1011 2598 Oblongo
1033 2505 1157 2599 ¹(Obl.)
1189 2503 1336 2589 Lucretii,

273 2612 511 2701 Bambergensi
534 2610 677 2708 (Bamb.)
706 2619 741 2682 et
763 2613 948 2682 Nazariano
971 2610 1082 2704 (Nar.)
1104 2613 1211 2710 Flori,
1241 2611 1336 2682 Nara·

273 2715 499 2810 riano,(Naz.)
524 2717 678 2806 Senecae,
711 2719 948 2809 Bambergensi
970 2717 1115 2810 (Bamb.)
1138 2725 1173 2789 et
1192 2719 1334 2789 Parisino
1380 2735 1381 2744 ¹

273 2823 378 2914 (Per.)
393 2825 493 2913 Livii,
507 2823 670 2893 Vaticano
684 2821 790 2920 (Vct)
815 2823 982 2894 Oioeronis
1001 2824 1261 2914 Philippicarum
1277 2827 1333 2893 cet
1380 2809 1381 2880 ἶ

272 2923 569 3020 Deniqueinoneo,
586 2933 783 3020 ubicumque
800 2933 893 3001 nulla
910 2933 1031 3002 codicis
1049 2937 1130 3001 nota
1146 2931 1334 3002 lectionibus
1380 2925 1381 2962 ³

109 3125 112 3136 Ι
272 3040 428 3134 apposita
450 3029 629 3128 appareat,
645 3039 771 3110 codices
790 3037 945 3110 Liviunos
960 3039 1163 3109 Puteaneum
1176 3037 1226 3132 (in
1243 3037 1337 3109 tertis

272 3147 409 3238 decade)
431 3153 489 3216 aut
507 3146 798 3216 Vindoboneusem
820 3145 870 3236 (in
888 3148 1004 3240 quinta
1022 3147 1104 3239 dec)
1127 3145 1313 3238 significari·
