2794 4546
182 1081 226 1154 11.
263 1082 310 1154 lte
334 1100 546 1155 numerorum
569 1083 661 1154 notis
683 1101 787 1174 prave
812 1083 1010 1156 intellectis.

154 1237 195 1306 In
209 1238 357 1306 oratione
370 1237 405 1306 Τ.
419 1237 533 1306 Manlii
552 1238 806 1326 redemptionem
824 1239 1027 1327 captivorum
1043 1235 1126 1306 Oan-

72 1347 217 1414 nensium
240 1347 453 1414 dissuedentis
476 1345 545 1414 Liv.
569 1348 621 1436 22,
643 1348 695 1435 60,
720 1348 760 1416 19
788 1348 868 1416 haec
890 1347 1126 1415 Weissenborn

73 1453 104 1520 in
119 1455 317 1522 editionibus
335 1456 376 1526 ab
394 1455 466 1543 ipso
485 1455 691 1542 comparetis,
713 1454 814 1522 Hertz
833 1455 954 1542 aliique
972 1479 1011 1523 ex
1027 1456 1126 1523 inter-
1204 1485 1208 1492 ¹

72 1562 186 1650 pelato,
208 1566 248 1629 ut
270 1585 345 1630 mox
367 1563 545 1650 apparebit,
568 1564 729 1650 scripture
747 1563 937 1631 recentioris
956 1563 1124 1631 cuiusdam
1198 1639 1201 1646 ,

73 1669 185 1736 codicis
204 1668 372 1736 Loveliani
395 1671 577 1737 ediderunt:
606 1691 643 1738 ee
661 1670 784 1738 mitibus
801 1676 912 1755 septem
929 1676 1125 1738 arenosorum

71 1776 190 1842 meere
199 1777 371 1862 nemer,
384 1777 762 1864 poimopcreoedcrent,
775 1779 874 1862 quiin
885 1778 1123 1862 patriamteen·
1325 1777 1326 1782 ’
1372 1753 1378 1866 ,⁸

22 1899 29 1910 ·
72 1886 156 1968 oque
182 1885 302 1952 emoti
322 1885 463 1970 redirent,
484 1905 579 1970 erepere
600 1883 649 1953 tis
666 1884 806 1953 accestis
824 1889 867 1952 tot
883 1885 974 1953 milio
991 1885 1125 1954 bostium
1175 1875 1177 1878 ’

72 1991 216 2075 metere,
243 2016 340 2080 quam
369 1992 543 2062 lectionem
571 1991 674 2060 Maur.
700 1991 814 2082 Haupt
843 2017 972 2082 quoquc
1003 1993 1126 2062 coniec-

73 2101 165 2168 tando
188 2101 323 2176 invenit.
367 2101 413 2169 Et
430 2102 528 2168 nimis
546 2102 644 2192 longe
661 2102 742 2170 haec
761 2103 922 2192 scriptura
940 2125 960 2169 a
977 2103 1125 2191 vestigiis

72 2207 186 2276 codicis
214 2208 381 2299 Puteanei,
403 2209 487 2277 unde
510 2210 621 2278 omnia
637 2209 673 2276 in
690 2209 789 2278 tertia
806 2209 891 2277 Livii
910 2211 1026 2279 decade
1049 2234 1144 2298 pem.
1181 2287 1183 2294 ¹

71 2315 152 2404 dent,
177 2319 300 2386 recedit
321 2319 421 2386 rerba
443 2319 531 2385 omni
555 2341 652 2386 sensu
675 2341 767 2386 cassa
790 2319 973 2386 exhibentis
999 2340 1094 2404 neque
1118 2315 1123 2407 Ι
1234 2321 1237 2330 ⁴

71 2421 128 2492 tie
145 2429 151 2505 Ι
169 2431 304 2493 mosea
322 2429 329 2507 Ι
348 2427 437 2492 metio
451 2429 461 2506 ·Ι
480 2426 577 2493 imstes
596 2427 602 2512 Ι
621 2426 769 2512 obstitere,
796 2431 896 2493 stne
929 2427 969 2493 ad
997 2431 1125 2494 senten·

71 2530 147 2598 tiam
161 2532 292 2620 quidem
306 2533 437 2601 omnino
451 2538 530 2621 apta
542 2538 602 2621 est,
621 2533 672 2600 cni
691 2532 814 2620 optime
833 2533 978 2601 omnium
992 2531 1125 2624 Madvig

71 2640 235 2727 satisfecit,
256 2641 291 2708 in
313 2643 435 2710 emend
458 2641 528 2710 Liv.
550 2665 582 2730 p.
605 2638 688 2710 310¹
711 2641 915 2710 scribendum
938 2663 1123 2730 proponens

71 2768 159 2834 cepae
179 2749 231 2816 bis
250 2751 389 2818 seseerrtis
408 2750 506 2818 testes
528 2751 672 2837 obstitere,
702 2772 800 2836 quam
824 2751 1059 2818 correctionem
1080 2751 1124 2817 lc

70 2855 235 2923 nissimam
261 2862 296 2923 et
321 2857 388 2924 iere
414 2858 551 2944 nullam,
578 2862 616 2923 nt
638 2862 754 2943 postea
776 2856 970 2944 videbimus,
996 2856 1124 2945 Ingers·
1231 2905 1234 2911 -

35 3025 40 3034 .
70 2961 163 3051 levio,
190 2962 405 3050 Woelfflinio,
435 2963 611 3050 Harantio,
642 2963 684 3030 Η.
710 2961 736 3029 I.
762 2961 935 3046 Muellero,
965 2962 1123 3052 Frigellio

70 3071 227 3156 probarit
261 3071 372 3158 Atque
389 3072 569 3139 sententiae
588 3070 718 3158 quidem
735 3069 800 3138 loci
817 3069 879 3138 hac
898 3070 969 3137 sola
983 3069 1124 3138 lectione

72 3177 220 3245 aemes
254 3177 425 3246 walnen
458 3179 494 3246 in
529 3178 761 3246 commoneam
797 3178 838 3244 se
874 3177 995 3244 nerem
1026 3177 1124 3244 xxm
1178 3217 1180 3221 -
1221 3223 1223 3228 .
1273 3205 1275 3211 ·
1325 3159 1328 3168 “

71 3284 250 3370 composito
277 3285 407 3366 disertis
433 3285 541 3352 verbis
568 3285 725 3372 ostendit,
752 3285 838 3371 quod
865 3288 975 3350 antem
1002 3284 1043 3350 ad
1069 3307 1152 3372 pa-

71 3387 343 3479 laeographicam,
374 3415 472 3479 quam
502 3380 636 3480 vocant]
666 3391 934 3479 probabilitatem
964 3389 1124 3480 Madvigii

71 3496 302 3573 emendationis
325 3499 453 3586 attinet,
474 3522 570 3568 nemo
592 3501 633 3567 ad
645 3500 709 3567 hoc
731 3503 860 3586 tempus
882 3497 1018 3567 verbum
1035 3497 1124 3584 fecit,

71 3603 131 3671 nisi
157 3605 245 3692 quod
272 3611 386 3675 auctor
411 3607 482 3695 ipse
503 3608 526 3676 l.
549 3631 575 3676 c.
601 3607 660 3676 illa
685 3611 819 3676 sescento
844 3607 936 3675 rectio
963 3628 1003 3674 ex
1024 3605 1124 3694 paulo

73 3711 334 3782 antecedentibus
360 3706 468 3783 verbis
501 3716 626 3784 milrbaa
650 3720 761 3802 septem
785 3718 866 3782 nate
891 3735 963 3782 esse
985 3712 1124 3801 putarit.
1236 3730 1261 3781 ,·
1291 3718 1294 3724 ’

71 3813 173 3888 Nobis
195 3819 293 3892 aliter
312 3821 531 3890 indicantibus
552 3823 651 3911 paulo
673 3820 772 3890 altius
794 3821 831 3889 in
851 3821 914 3889 hac
934 3820 1147 3917 quaestions·

72 3933 214 4014 repetere
235 3950 318 4017 opas
336 3929 408 3998 erit
448 3927 595 3998 Primum
612 3929 699 3998 enim
716 3929 836 3998 miram
854 3935 915 4018 est,
937 3927 1024 4016 quod
1045 3949 1124 3997 non·
