2766 4550
610 317 825 384 ..31-

183 481 347 572 monium,
373 505 473 572 quam
499 480 569 549 niv.
592 480 650 567 21,
677 479 735 564 30,
761 479 792 547 2.
836 475 887 546 Ibi
915 500 988 546 cum
1021 475 1056 547 in
1082 475 1245 546 Puteaneo

185 595 295 663 codice
326 615 387 680 pro
423 597 521 659 term
553 588 711 674 scriptum
743 587 874 674 legatur
900 593 1016 656 cerae
1051 584 1179 676 (natum
1210 609 1247 654 ox

162 755 165 764 ’
186 729 361 824 archetypi
383 729 544 820 scriptura
571 706 684 815 maai,
711 724 954 796 accommodato
981 726 1060 796 olim
1088 731 1186 798 ieros
1208 725 1248 798 ad

43 874 49 891 ¹
190 867 278 932 sequ.
301 837 403 929 qaus),
425 839 561 928 antiqua
583 858 697 904 manus
711 835 872 923 syllabam
895 856 932 904 us
953 837 1182 925 superscripsit
1199 861 1251 906 ex·

187 957 313 1044 tremos
346 949 476 1017 litterae
501 968 531 1032 e,
562 943 687 1012 seilicet
714 948 813 1011 lenm
835 963 887 1012 cos
915 945 1137 1013 emendaturo:
1165 944 1249 1034 quod

35 1070 42 1113 ἒ
187 1083 262 1130 cum
282 1081 322 1126 ex
339 1057 412 1124 Put.
430 1056 465 1121 in
478 1051 658 1120 Medicsum
672 1055 706 1119 ct
720 1049 943 1120 colbertinum
962 1053 1051 1122 codd
1070 1055 1250 1140 transisset,

38 1170 43 1191 ¹
187 1166 316 1254 decepit
329 1163 470 1249 Vallam,
488 1158 700 1246 Gronovium,
713 1158 739 1226 1.
751 1159 792 1227 H.
801 1159 965 1247 Vossiam,
982 1159 1030 1228 ita
1047 1161 1131 1228 utin
1144 1184 1250 1230 emen·

191 1274 298 1342 dando
320 1269 395 1338 inde
417 1267 555 1357 proiecti
577 1266 668 1335 varis
686 1267 901 1355 nequicquam
925 1265 1269 1352 commiscerentur?

189 1380 348 1450 Similiter
371 1377 542 1463 22,17,2
565 1375 651 1464 quod
678 1375 713 1442 in
742 1376 814 1444 Put.
837 1381 927 1444 extat
948 1379 1255 1464 mmaansooeniens,

190 1487 224 1556 h.
247 1510 274 1554 e.
295 1507 445 1554 murem
466 1484 589 1552 omibus
615 1483 667 1548 vel
697 1503 815 1551 consuo
840 1507 867 1553 o.
894 1479 939 1572 (v.
963 1505 1062 1571 supra
1083 1509 1115 1573 p.
1138 1482 1196 1575 74)
1219 1483 1253 1552 in

62 1617 67 1630 ’
191 1594 276 1662 Med
295 1599 328 1660 et
347 1591 438 1660 Golb.
456 1589 635 1676 codicibus,
659 1590 715 1680 qui
730 1614 768 1658 ex
781 1591 840 1660 illo
854 1592 1024 1676 fluxerunt,
1042 1592 1254 1680 depravatum

136 1721 140 1728 ·
191 1705 259 1770 iam
282 1697 532 1786 deprehenditur
554 1697 589 1762 in
610 1718 762 1764 cornuam
778 1699 950 1767 odveaiem.
981 1698 1111 1767 Atiam
1130 1697 1254 1786 inipso

190 1807 356 1876 Puteaneo
374 1805 443 1872 cod
462 1804 544 1870 talia
562 1803 864 1892 deprehenduntur,
884 1807 976 1873 velut
993 1805 1079 1894 quod
1100 1807 1155 1892 22,
1167 1807 1253 1891 4l,'i

17 1886 23 1896 ¹
145 2005 147 2010 ,
192 1916 228 1982 in
241 1937 279 1980 eo
294 1913 415 2000 legitur
428 1911 644 1996 impedientem
663 1917 669 1994 Ι
683 1935 743 1998 per
762 1918 767 1994 Ι
786 1915 969 1980 comoollem
988 1921 995 1994 Ι
1012 1915 1147 1982 medium
1166 1914 1173 1996 Ι
1191 1935 1256 1982 one

191 2045 262 2092 nen
281 2021 287 2110 Ι
307 2021 441 2089 troducit
462 2042 522 2107 pro
544 2021 567 2088 i.
583 2042 643 2105 per
663 2021 831 2090 convallem
848 2023 982 2089 modim
1004 2023 1150 2090 toduoitr
1173 2021 1254 2090 vidit

193 2129 328 2221 Madvig
346 2133 421 2215 (em.
439 2127 508 2196 Liv.
526 2151 557 2216 p.
575 2126 670 2218 300¹)
692 2129 835 2218 primum
855 2151 915 2216 per
935 2131 1101 2200 convallem
1122 2131 1255 2200 inedium
1374 2161 1375 2204 ς

193 2262 254 2329 pro
276 2263 312 2326 p.
334 2260 358 2307 c.
381 2239 515 2307 mediam
543 2237 700 2326 scriptum
726 2238 841 2325 fuisse,
865 2237 986 2326 deinde
1013 2243 1103 2308 recta
1129 2239 1256 2326 syllaba
1373 2305 1374 2314 ,

193 2417 248 2468 oen
261 2401 465 2489 superposita
482 2355 644 2487 (cimitirio)
663 2405 697 2466 et
719 2399 754 2468 iu
771 2401 944 2468 verborum
963 2401 1108 2468 ordinem
1128 2404 1257 2488 recepta

194 2506 407 2598 (mediantem)
426 2530 545 2576 novum
569 2505 711 2575 scribam
729 2529 796 2574 non
814 2507 996 2595 habentem,
1019 2508 1094 2596 quid
1112 2508 1257 2596 syllabae

117 2695 119 2702 ¹
193 2638 248 2685 om
269 2617 404 2703 feceret,
428 2613 607 2705 supplendo
631 2617 775 2683 effecisse
798 2617 932 2686 medium
950 2637 1082 2704 omnen,
1105 2615 1192 2705 quod
1212 2615 1259 2684 la·

194 2725 261 2793 tius
284 2725 441 2813 gliscente
464 2746 572 2792 errore
595 2745 669 2791 cum
694 2723 729 2790 in
746 2722 890 2794 Medioso
909 2725 1046 2812 aliisque
1069 2725 1103 2792 in
1125 2725 1258 2792 medinm

196 2853 307 2918 agmen
329 2832 476 2920 abiisset,
503 2833 671 2920 usquead
693 2831 851 2920 Madvigii
877 2837 1028 2920 tempora
1054 2833 1258 2922 vulgabatur.

175 2934 181 2954 ''
198 2936 346 3004 Similem
369 2939 541 3026 supplendi
564 2943 719 3006 conatum
747 2939 923 3012 ostendunt
949 2939 985 3006 hi
1012 2939 1075 3007 duo
1102 2939 1180 3008 loci:
1207 2939 1259 3022 26,
1363 2999 1366 3006 .

195 3041 249 3128 25,
264 3045 401 3130 loquaci
414 3044 418 3134 1
433 3044 484 3134 sel
500 3067 672 3114 deamones
684 3067 829 3134 proquos
837 3047 1022 3114 Acarnanes
1034 3043 1081 3134 (iu
1097 3045 1185 3114 arch.
1198 3045 1260 3114 luit

196 3149 292 3271 quod·
315 3185 356 3255 ef.
374 3187 460 3256 nee
478 3213 510 3279 p.
531 3189 610 3278 104)
628 3195 662 3258 e
679 3189 733 3276 43,
754 3189 838 3276 1o‚s
857 3171 1059 3274 vnu'asoro
1077 3193 1085 3272 ι
1102 3195 1133 3258 e
1150 3193 1157 3274 ι
1173 3190 1261 3275 frat
1328 3241 1332 3256 ,
1372 3165 1373 3170 '

198 3329 266 3396 den
283 3351 343 3416 pro
361 3333 450 3414 usore
464 3327 639 3420 friodored)
658 3331 710 3422 (iu
729 3333 816 3402 arch.
838 3331 903 3400 luit
924 3353 947 3400 a
965 3310 1059 3423 (ori).
1094 3331 1163 3402 Nec
1185 3353 1276 3402 vero.

29 3435 30 3442 ’
89 3461 91 3468 ’
200 3426 307 3503 solum
330 3436 467 3506 addendi
490 3439 547 3508 sed
570 3439 675 3543 etiarn¹
694 3439 783 3508 vario
806 3439 954 3508 mutandi
976 3439 1136 3510 obiciendi
1157 3447 1260 3510 trans·

288 3687 315 3756 1)
334 3684 395 3744 nee
409 3691 486 3746 eeu
498 3689 610 3762 sunm
623 3691 693 3764 puto
708 3669 742 3748 ei
755 3687 877 3748 senen
890 3689 1060 3748 eumenus
1089 3689 1156 3760 nn,
1173 3689 1204 3748 a
1216 3687 1260 3746 m

200 3773 337 3834 Busttuer
354 3777 385 3834 st
403 3771 616 3851 Weissenborn,
639 3795 732 3838 errore
749 3795 807 3836 non
823 3782 971 3853 pompato
988 3778 1053 3854 plus
1071 3777 1160 3838 latere
1174 3777 1259 3854 susm·

201 3859 260 3924 c'ati
277 3867 351 3924 aaut
388 3865 445 3924 Sed
462 3884 513 3942 pos
530 3885 561 3927 se
578 3869 651 3928 nihil
668 3869 747 3928 aliud
764 3869 906 3930 mntontia
921 3867 1054 3942 requiris,
1071 3867 1108 3930 ot
1121 3875 1165 3942 tt,
1184 3873 1259 3941 ⁸⁹2⁸

143 4030 145 4036 y
197 3955 692 4034 nitasmcdisforciaooslooeio.
804 3985 808 3996 ·
