2766 4550
526 215 738 282 „76-

71 377 277 442 verborum
299 378 442 460 apparet,
464 373 559 440 iaoile
582 373 705 439 moveri
728 377 868 460 poterat,
887 377 926 438 ut
948 373 1163 458 adinrarprmt,
1276 413 1280 424 .
1325 431 1329 462 ¹

71 506 156 550 non
185 481 397 566 irradearpuut
418 481 588 547 exararet?
632 479 680 548 Ut
702 479 845 546 breviter
867 479 986 565 dieam,
1008 479 1062 546 hio
1085 501 1162 566 quo·

75 611 153 676 que
187 588 275 653 duae
301 587 376 654 illae
402 587 559 654 lectiones
588 587 717 690 iunctae
743 587 916 670 udnrrprmt
942 590 977 651 et
999 587 1164 670 inserpunt

75 695 227 783 pariter
249 693 329 759 mihi
351 694 502 761 ridentur.
523 694 747 782 ponderandae
771 698 805 760 et
826 691 1069 780 perpendendae
1091 713 1162 758 esse

77 824 126 868 ae
159 805 222 866 tot
251 799 335 866 aliae
361 799 598 886 discrepantiae
626 797 787 886 codicum,
814 821 894 886 quae
924 797 1162 864 dubitationem
1299 825 1303 838 ·

79 911 252 994 movent,
278 909 354 972 utra
379 905 477 974 lectio
504 905 645 994 genuina
673 905 731 993 sit,
758 927 786 972 v.
810 925 840 994 g.
868 905 954 992 quod
981 905 1039 992 29,
1065 906 1119 992 11,
1141 904 1162 972 6

80 1013 195 1084 eodo
218 1013 378 1081 fluctuant
399 1013 486 1080 inter
506 1013 641 1098 enaim
662 1017 697 1079 et
714 1014 855 1099 accipere,
877 1012 920 1079 ib.
941 1013 993 1099 35,
1018 1011 1163 1080 winter
1208 1059 1210 1066 >
1348 1019 1351 1070 t

81 1121 277 1204 oonseeisset
282 1126 317 1188 et
324 1120 467 1202 effeeuaet
476 1116 530 1208 (of.
541 1118 674 1218 Luehsii
683 1120 778 1207 proll.
787 1143 818 1206 p.
826 1119 1064 1187 Lxxxxvlll
1070 1117 1163 1208 sqq).

82 1229 173 1297 lam
199 1250 273 1294 oum
295 1250 334 1294 ex
355 1226 476 1294 eodieio
493 1226 633 1294 lectione
651 1248 710 1294 nee
728 1227 791 1295 hoe
808 1249 869 1294 neo
886 1227 968 1294 illud
986 1227 1164 1316 genuinum

83 1334 229 1404 firmari
254 1335 360 1421 posuit
386 1333 467 1400 eatis
495 1337 584 1400 oerta
606 1334 902 1422 argumentatione,
930 1335 996 1401 alia
1018 1335 1164 1401 subsidia

85 1441 392 1528 circumspicienda
413 1445 503 1528 eunt,
530 1441 648 1529 quibus
674 1442 715 1508 ad
737 1441 879 1529 aliquem
902 1441 1025 1509 exitum
1049 1441 1164 1509 adduci
1268 1433 1272 1442 ’
1328 1405 1348 1536 ³³¹.

86 1549 253 1640 quaestio
279 1549 392 1636 possit
442 1547 514 1628 Qua
540 1549 575 1616 in
602 1571 636 1616 re
663 1548 804 1618 fortasse
837 1550 979 1637 aliquem
1010 1549 1164 1636 loquendi

88 1659 244 1728 maxime
269 1680 348 1724 uana
379 1653 573 1746 (inereryendi
605 1658 739 1724 verbum
771 1659 810 1726 de
842 1659 923 1726 loeis
955 1681 1066 1726 rarum
1099 1663 1164 1726 est:

89 1767 181 1834 Tae.
200 1766 320 1851 anae,
340 1765 381 1832 16
399 1769 613 1851 poneterqum
631 1766 1165 1854 ianerpetatsileulpraetermen·
1209 1845 1216 1861 ι
1352 1747 1354 1758 ’

90 1874 221 1940 dorum
247 1871 518 1938 examinationem
545 1872 704 1958 movebit,
730 1877 769 1939 ut
794 1875 967 1960 adsererent
987 1873 1164 1961 genuinum

90 2001 176 2047 esee
204 1978 267 2044 eibi
292 1978 498 2065 persuadeat,
525 1979 613 2064 quod
641 2001 718 2045 sane
746 1979 841 2047 iaeile
874 1981 915 2047 ob
944 1978 1165 2047 antecedentis

91 2085 196 2153 vooia
213 2086 296 2153 inde
312 2084 444 2152 initium
464 2085 634 2172 depravari
651 2091 783 2173 poterat
801 2087 836 2153 in
853 2090 1031 2173 treatment
1048 2089 1164 2156 mendo
1208 2159 1219 2170 ,
1260 2073 1262 2078 ’
1336 2077 1347 2135 .'

93 2192 279 2260 tralaticio.
316 2190 379 2259 Sed
391 2195 540 2278 praestat
553 2213 622 2258 rem
640 2191 675 2259 in
693 2193 817 2260 incerto
835 2193 1024 2280 relinquere.
1061 2193 1165 2262 Paulo

94 2305 217 2368 antem
243 2298 468 2388 oonfidentiue·
483 2297 617 2365 iudiean'
646 2304 759 2386 posset
785 2300 824 2366 de
851 2323 890 2367 eo
917 2301 1005 2389 loeo,
1032 2302 1088 2389 qui
1113 2307 1166 2369 est

94 2407 166 2492 22,
188 2407 246 2492 42,Ι
268 2406 299 2493 6,
321 2405 350 2472 ai
372 2408 497 2473 eertum
524 2408 611 2472 esset
638 2405 800 2492 duplicem
826 2406 1000 2474 lectionem
1022 2430 1102 2496 non,
1128 2413 1167 2476 ut
1289 2399 1291 2404 ¹

96 2513 207 2602 vulgo
228 2515 355 2600 putant,
377 2511 463 2580 eirea
485 2513 529 2580 ud
548 2511 646 2580 donea
668 2517 702 2580 et
724 2513 760 2580 ia
780 2512 878 2582 lanta
899 2513 934 2580 in
951 2513 1027 2582 Put
1046 2515 1166 2584 oodieia

96 2621 246 2689 lectione
268 2621 302 2687 io
321 2626 433 2707 {parte
450 2625 457 2702 1
475 2626 646 2688 mnarum
664 2618 671 2710 Ι
689 2641 769 2706 qaae
791 2618 796 2711 l
817 2627 945 2708 eerpont
966 2620 971 2712 l
993 2623 1168 2692 adintostea

96 2727 243 2815 versari,
269 2728 325 2796 aed
352 2727 787 2815 ceremoniarumque.
837 2728 910 2799 Hoo
938 2730 967 2799 si
993 2731 1166 2800 nobiseum

99 2836 278 2924 statuitur,
305 2835 386 2904 illud
412 2836 483 2904 leve
510 2840 575 2922 eet,
601 2836 688 2924 quod
711 2838 835 2925 adpro
858 2861 906 2927 eo,
929 2838 1015 2927 quod
1038 2863 1166 2927 exapeo-
1307 2883 1308 2886 ,
1363 2791 1364 2794 Ἴ

100 2949 200 3013 tatur
222 2949 269 3026 ot,
295 2944 330 3011 in
352 2943 461 3012 codiee
484 2947 549 3010 eet:
573 2967 678 3030 neque
706 2945 793 3022 enirn
816 2967 943 3033 semper
964 2946 1167 3034 primitivam

76 3050 333 3140 ,integritatem
363 3051 444 3118 dnae
475 3050 666 3119 eoniunotae
697 3051 854 3121 leotionea
885 3053 1090 3121 retinuerunt
1123 3054 1167 3140 (v.

99 3158 195 3228 infra
215 3181 246 3246 p.
261 3158 303 3247 '18
313 3158 408 3246 sqq).
453 3157 549 3228 Certo
577 3158 651 3227 inde
678 3159 712 3227 id
739 3160 918 3249 lucramur,
949 3159 1037 3249 quod
1063 3161 1167 3230 totino
1282 3149 1285 3156 ⁴

99 3266 172 3336 looi
199 3267 457 3335 emendationem
483 3290 522 3336 ex
548 3253 621 3355 ipso
644 3267 810 3338 Puteaneo
838 3290 964 3338 numere
990 3269 1069 3339 lieet
1090 3291 1169 3357 quae

102 3436 213 3514 aava
233 3431 269 3498 a
285 3429 383 3497 aaa
399 3389 771 3518 (wentanam
787 3453 848 3500 net
865 3429 1006 3518 emplius
1024 3431 1168 3498 inarari

101 3541 234 3624 potent,
258 3537 304 3604 ad
327 3535 424 3604 hortea
450 3558 493 3602 an
518 3539 553 3604 ia
574 3538 672 3607 toetee
693 3560 806 3605 verum
828 3541 863 3605 et
885 3558 905 3604 a
927 3531 1022 3605 Livio
1044 3537 1169 3624 profeo·

100 3646 181 3710 tuam
202 3642 257 3709 eir.
301 3641 397 3720 Quod
418 3646 529 3710 autem
550 3643 617 3712 iam
638 3643 674 3710 in
696 3643 785 3711 codd.
807 3666 889 3712 reae.
911 3643 1093 3730 repositum
1117 3648 1169 3710 eat

99 3753 219 3836 mal,
240 3747 275 3816 id
296 3747 402 3836 ipsum
426 3748 548 3835 requiri
565 3772 626 3836 pro
644 3750 765 3818 eodioia
785 3750 859 3818 Put
876 3750 1017 3818 lectione
1034 3745 1170 3838 nonant,
