2766 4550
520 336 754 432 -74-'

98 527 312 596 minationem
340 533 407 594 tom
434 525 529 595 facile
557 527 700 595 accidere
727 527 844 614 potuit
895 525 1028 595 Mallem
1055 525 1159 616 igitur

97 657 161 700 non
190 640 260 700 tam
287 636 423 702 fidenter
449 635 645 703 iudicassent
672 635 710 702 de
738 635 790 701 his
819 639 854 701 et
881 634 1043 701 similibus
1075 633 1157 702 locis

98 746 153 806 aut
166 742 235 808 alia
248 743 288 808 ad
299 743 394 810 litem
412 779 455 792 -
474 743 502 809 si
521 742 649 829 quidem
667 741 738 808 dori
751 745 862 828 potest
883 777 921 790 —
942 741 1155 809 dirimendam

98 848 298 936 attulissent,
315 851 405 917 velut
423 850 575 938 loquendi
593 873 688 917 usum
706 849 885 937 scriptoris,
903 871 1101 937 quamquam
1114 872 1156 916 ne
1208 861 1211 870 '

98 953 169 1022 iude
193 957 324 1044 quidem
343 959 520 1046 quidquam
542 959 627 1028 effici
647 960 709 1027 hoc
727 960 800 1026 loco
818 979 914 1046 posse
932 961 1021 1044 puto.
1054 955 1156 1025 Nullo

97 1063 181 1130 enim
205 1064 273 1133 iere
296 1065 481 1134 discrimine
495 1065 606 1134 Livius
624 1069 739 1136 circeum
756 1071 790 1134 et
807 1067 889 1135 circu
906 1065 1009 1152 ponit,
1031 1069 1065 1132 ct
1083 1065 1156 1152 ipsa

97 1169 244 1237 codicum
252 1171 403 1260 frequens
413 1173 581 1240 fluctuatio
591 1175 830 1260 impeditiorem
838 1173 922 1240 hanc
930 1171 1155 1259 quaestionem

96 1276 214 1342 reddit:
237 1285 275 1344 ut
297 1302 360 1346 uno
384 1281 530 1366 exemplo
553 1279 719 1368 defungar,
747 1281 856 1364 aab,
878 1282 918 1347 10
940 1279 974 1345 in
997 1279 1068 1346 solo
1091 1279 1153 1345 Pu·

97 1385 211 1451 teaneo
242 1386 310 1454 cod.
336 1387 451 1453 circeum
478 1385 632 1471 habetur,
664 1387 698 1452 in
725 1386 858 1474 reliquis
886 1385 1035 1453 omnibus
1062 1387 1154 1454 circo.

96 1489 270 1558 -Simile
292 1493 445 1560 iodicium
466 1493 647 1560 faciendum
667 1515 782 1560 censeo
805 1493 844 1560 de
867 1514 905 1560 eo
923 1494 1004 1579 loco,
1026 1494 1082 1580 qui
1105 1497 1155 1560 est

97 1595 161 1664 Lis.
179 1599 234 1678 22,
256 1602 305 1685 17,
323 1603 354 1669 2.
388 1600 439 1667 Ibi
463 1600 518 1667 diu
540 1600 664 1688 decepti
688 1600 831 1687 priorum
854 1599 1048 1668 collatorum
1074 1622 1152 1690 neg·

96 1702 238 1793 legentia
262 1707 366 1775 critici
392 1708 518 1796 opinati
545 1713 622 1775 sunt
644 1708 678 1774 in
700 1707 865 1775 Puteanec
893 1729 1020 1796 quoquo
1043 1707 1153 1776 codice

96 1811 125 1878 id
148 1814 230 1902 legi,
256 1815 341 1902 quod
369 1816 403 1882 in
429 1815 594 1883 codicibus
620 1815 694 1882 inde
716 1814 883 1902 proiectis:
914 1817 958 1883 ad
982 1817 1082 1883 neom
1110 1817 1155 1884 ad
1192 1847 1195 1856 ·

50 1939 52 1950 ¹
96 1921 217 2008 imoque
237 1944 385 1991 comuruu
406 1926 570 1993 attentiora
591 1921 645 2014 (cl.
664 1924 749 1992 infra
773 1948 804 2013 p.
823 1923 890 2013 81),
912 1947 970 1993 nec
993 1926 1029 1992 iu
1051 1925 1151 1994 verbo

95 2031 256 2100 umens
281 2033 482 2101 offenderunt
509 2038 638 2122 praeter
667 2055 768 2100 unmn
796 2033 1010 2123 Madvigium,
1041 2033 1075 2100 in
1104 2033 1152 2104 ed.

97 2137 196 2206 altera
219 2140 302 2208 Livii
329 2141 503 2227 librorum,
535 2147 572 2209 ut
595 2147 647 2210 est
674 2143 784 2209 divina
812 2142 1022 2228 divinatione,
1054 2143 1151 2210 adno-
1245 2181 1251 2196 ·

97 2251 218 2314 tantem
241 2249 343 2316 videri
365 2256 423 2316 aut
445 2253 566 2318 ueniens
589 2255 646 2318 aut
662 2252 821 2318 deveniens
844 2250 1046 2318 scribendum
1072 2274 1166 2320 esse.-

96 2349 197 2423 Hodie
222 2356 304 2444 Aug.
325 2356 469 2439 Luchsii,
496 2358 552 2446 qui
576 2358 679 2426 denuo
703 2358 846 2426 codicem
869 2357 1025 2446 inspexit,
1052 2380 1152 2446 opera

98 2459 138 2547 (V-
155 2451 266 2531 Herm‘.
280 2463 359 2531 XIV
381 2490 412 2553 p.
432 2465 511 2556 141)
530 2469 695 2554 cognitum
715 2473 780 2553 est,
802 2466 970 2554 perspicue
987 2487 1150 2535 cornuum·
1251 2470 1255 2476 '
1318 2465 1321 2475 '

96 2573 233 2638 amieo
262 2572 296 2638 in
324 2595 361 2639 eo
392 2574 548 2660 scriptum
575 2575 655 2663 legi,
681 2597 746 2642 -nec
778 2575 947 2642 dubitatur
973 2597 993 2640 a
1019 2574 1151 2661 criticis,
1185 2621 1188 2626 ·

97 2676 168 2761 quin
198 2678 284 2747 idem
315 2681 365 2747 vir
396 2680 508 2749 doctus
536 2682 647 2750 statim
674 2675 761 2750 'recte
789 2683 966 2769 dispexerit
993 2681 1073 2749 duas
1096 2681 1150 2750 hic
1210 2743 1212 2747 .

96 2782 244 2854 lectiones
266 2787 454 2855 coniunctas
477 2811 548 2857 esse
569 2811 719 2857 coruum
740 2792 864 2857 neuim
890 2798 924 2857 et
946 2811 1061 2857 comuo
1083 2811 1148 2856 oen.
1184 2845 1186 2850 .

96 2887 264 2979 Hucusque
300 2895 407 2961 Luchs
443 2901 537 2962 recte.
590 2895 637 2962 Au
672 2899 758 2983 quod
790 2896 904 2963 deinde
936 2898 1148 2982 posteriorem
1248 2983 1252 2992 Ι

96 2995 262 3068 lectionem
297 3001 471 3088 genuinam
507 3023 578 3070 esse
614 3003 781 3070 contendit
818 3025 952 3089 eamque
988 3003 1148 3070 rationem

96 3105 269 3187 probarunt
291 3107 433 3174 editores
456 3107 665 3195 recentiores,
686 3110 796 3182 nescio
815 3131 858 3176 an
879 3109 967 3177 iusto
990 3109 1148 3177 confiden-
1248 3138 1249 3142 ¹

97 3208 156 3278 tius
177 3213 311 3303 egerint
351 3213 511 3302 Equidem
534 3215 587 3284 bic
609 3239 738 3304 quoque
759 3238 829 3285 rem
846 3215 882 3284 in
902 3216 1026 3283 incerto
1049 3216 1149 3284 relin·
1221 3229 1224 3234 '

98 3321 249 3402 quendam
270 3343 393 3390 censeo.
437 3322 551 3391 Potest
577 3327 688 3391 tamen
716 3323 814 3392 alicui
842 3325 886 3392 ad
907 3324 972 3391 insa
997 3345 1146 3392 mercem

96 3428 279 3514 exquisitior
300 3429 399 3498 lectio
425 3430 527 3498 rideri
555 3435 588 3498 et
616 3431 721 3499 cltera
747 3431 793 3498 ud
816 3431 882 3497 ioco
908 3451 1025 3498 cornua
1050 3431 1147 3499 facile

99 3535 336 3622 explicationem
354 3539 497 3607 nancisci
514 3562 553 3607 ex
570 3538 778 3612 librariorum
797 3538 961 3608 communi
979 3539 1087 3608 studio
1105 3539 1147 3608 ad

97 3645 234 3725 proxim
255 3647 526 3716 accommodandi.

165 3751 290 3823 Deinde
303 3754 377 3842 quis
391 3777 431 3822 ax
443 3754 496 3822 his
507 3755 689 3844 duplicibus
700 3755 879 3844 scripturis,
889 3753 1147 3844 quaeinVindo·
1196 3751 1198 3756 ’
1254 3807 1259 3812 .

98 3853 222 3930 lonensi
239 3863 349 3931 codice
366 3868 489 3950 extant,
506 3863 680 3952 genuinam
692 3862 839 3932 evincere
858 3861 1004 3930 audebit:
1021 3863 1075 3949 41,
1093 3863 1146 3952 22,

103 3964 136 4032 13
145 3969 408 4056 myria-Surio
426 3969 478 4038 rel
491 3969 597 4059 Syrio,
608 3973 663 4058 45,
679 3971 730 4058 10,
746 3975 761 4038 1
780 3969 918 4039 elambat
932 4001 974 4026 -
988 3971 1081 4039 daea
1093 3971 1145 4039 rel
