2794 4546
584 347 617 360 -
667 311 708 378 31
759 347 795 360 -

158 472 348 562 Umpfenb.)
378 473 432 558 sac
460 474 503 543 et
531 503 571 530 ··
597 473 697 558 fucit,⁸
729 471 827 564 Verg.
855 475 935 544 Aen.
951 481 954 488 “
970 477 1025 562 11,
1053 473 1117 542 790
1147 473 1225 542 cod.

157 581 253 648 Bern
279 583 415 652 maenas
443 613 484 638 -
511 583 654 664 marica·
686 603 797 672 georg.
823 584 859 672 4,
888 583 950 652 199
982 581 1051 650 Pal.
1082 582 1228 650 taccitus
1258 661 1260 664 ,

98 697 101 704 “
159 719 201 745 -
225 691 361 759 amco.
652 689 655 695 “

263 797 410 888 Denique
450 799 613 868 notabiles
654 802 732 866 sumt
770 797 806 864 hi
845 821 969 866 errores
1010 799 1061 867 rel
1106 798 1222 888 potius

156 909 425 996 interpolationes
461 908 496 974 in
530 907 703 974 verborum
736 905 876 974 confinio
912 906 947 978 ln
982 911 1112 975 vetusto
1146 906 1223 976 cod.

156 1015 316 1084 Bembina
348 1001 522 1082 admissae:
553 1013 625 1081 Ter.
656 1013 717 1081 Ad.
748 1015 783 1100 4)
814 1013 850 1100 5,
881 1015 924 1082 68
959 1014 1121 1099 perimam
1154 1037 1221 1102 pro

155 1124 233 1210 quid
251 1144 360 1208 qaam,
387 1121 518 1188 Phorm.
546 1121 590 1188 65
612 1113 762 1206 carpsere
788 1143 848 1208 pro
873 1117 942 1188 tcm'
958 1141 1067 1206 prem,
1089 1121 1132 1188 ib.
1150 1122 1220 1190 646
1279 1177 1283 1186 .

155 1230 273 1298 rettulit
298 1251 359 1316 pro
386 1249 419 1296 re
450 1229 536 1296 tulit:
568 1227 743 1296 manifesto
770 1228 924 1296 librarius
954 1228 1087 1298 vocibus
1118 1251 1220 1316 praee

42 1404 45 1410 ,
156 1336 332 1424 compostis
364 1336 574 1424 interpolavit
605 1336 741 1422 formas,
775 1359 857 1423 quas
889 1359 990 1424 aeque
1021 1336 1129 1404 locum
1158 1335 1221 1402 ha·

90 1443 92 1447 ’
155 1443 232 1510 bere
264 1443 466 1511 ridebantur.
512 1442 636 1512 Similis
663 1443 929 1532 interpolationis
957 1443 1081 1532 species
1108 1443 1221 1530 deprc-

34 1537 39 1553 '
154 1551 309 1619 henditur
335 1549 422 1620 Flor.
451 1575 482 1640 p.
504 1551 562 1640 59,
590 1553 634 1620 22
665 1549 729 1641 (ed
755 1547 858 1641 Jahn)
886 1551 921 1620 in
947 1549 1121 1620 Naaariani
1147 1551 1220 1618 cod.

154 1659 294 1727 lectione
320 1657 398 1727 haec
419 1661 551 1728 demeum
572 1660 723 1746 paruae
744 1682 804 1748 pro
825 1659 1028 1728 Haeduonem
1050 1659 1220 1746 querellae:

56 1773 58 1782 ’
153 1767 208 1834 hic
230 1767 430 1854 syllabarum
453 1789 587 1854 pravam
610 1767 849 1856 separationem
872 1767 1083 1856 interpolatio
1105 1771 1221 1836 secata

154 1879 214 1962 est,
237 1859 276 1940 er
299 1895 365 1961 qua
386 1873 485 1941 velim
507 1873 625 1962 discat,
649 1876 706 1962 qui
732 1876 876 1944 nondum
906 1875 1034 1963 didicit,
1060 1874 1221 1962 quantula

154 1981 302 2078 codicum
328 1981 512 2050 auctoritas
545 1982 591 2049 sit
621 1982 656 2049 in
685 1981 792 2049 forma
821 2005 909 2051 nom.
936 1984 1019 2070 plur.
1045 1981 1119 2051 fem.
1145 1982 1221 2050 leae

3 2085 7 2100 ’
153 2089 306 2178 proluar,
333 2111 415 2177 quae
443 2089 572 2176 saepius
599 2089 635 2156 in
661 2090 752 2158 codd.
776 2090 872 2158 obvia
899 2095 960 2158 est
1004 2089 1055 2158 Ex
1083 2088 1219 2158 Graecia

153 2197 218 2266 huc
240 2197 384 2285 pertinet
401 2197 489 2286 'falsa
511 2197 609 2266 lectio
628 2199 796 2285 quaedam,
819 2220 901 2285 quae
919 2221 1022 2286 nuper
1039 2198 1074 2266 in
1091 2218 1219 2286 papyro

96 2387 98 2392 ι
154 2305 290 2392 antiqua
311 2305 389 2372 Eur.
411 2303 510 2392 Hipp.
532 2305 599 2372 430
626 2309 755 2392 reperta
777 2309 829 2372 est
854 2309 1134 2391 μηκροσοφθειην
1155 2326 1219 2390 pro

152 2407 199 2498 μή
229 2407 302 2479 rror'
333 2407 494 2499 ὀφθείηνε
529 2413 643 2500 procul
683 2411 783 2480 dubio
814 2416 894 2480 nata
924 2415 975 2482 eat
1006 2411 1219 2500 interpolatio

141 2519 275 2586 litteris
307 2521 391 2588 male
419 2519 583 2588 distinctis
612 2545 657 2608 μη
683 2525 896 2607 acceptetur
923 2521 1114 2612 vulgarique
1142 2520 1219 2588 inde
1264 2571 1269 2582 .

12 2663 14 2668 v
153 2626 259 2694 forma
294 2627 548 2715 praepositionis
586 2631 665 2695 ποτί
698 2629 893 2717 substituta,
929 2630 1016 2717 quod
1050 2628 1219 2718 perspexit

153 2733 338 2823 Kirchhoff‚
359 2735 559 2815 Monatsber.
583 2736 612 2802 d
634 2735 721 2804 Berl.
744 2736 919 2805 Academia
940 2737 1024 2812 1881
1048 2759 1078 2824 p·
1097 2736 1171 2805 988.

14 3039 17 3050 =
147 3000 184 3066 .6.
206 3000 532 3087 Praepositiones
554 3001 595 3068 in
617 3003 791 3070 confinio
809 3025 943 3070 vocum
961 3003 1217 3070 assimilatae.

240 3159 372 3227 Pridem
398 3183 439 3228 ex
465 3159 572 3228 titulis
600 3161 862 3249 testimoniisque
886 3167 1033 3230 vetorum
1056 3181 1217 3249 gramma·
1285 3199 1292 3213 ·

152 3265 294 3333 ticorum
320 3267 383 3334 hcc
410 3267 614 3336 intellectum
641 3275 692 3337 est
719 3269 921 3337 assimilandi
943 3269 978 3336 in
1000 3267 1107 3336 verbis
1130 3291 1217 3336 com·

32 3397 34 3408 ’
151 3371 272 3459 positis
299 3373 460 3441 rationem
483 3379 606 3442 certam
628 3375 844 3464 omnibusque
868 3374 1005 3443 saeculis
1028 3379 1218 3444 constanter

153 3485 316 3548 servatam
348 3481 434 3569 apud
460 3481 627 3551 Romanos
657 3505 725 3556 non
751 3483 914 3571 extitisse,
944 3481 984 3550 de
1011 3481 1216 3572 singolorum

151 3610 229 3656 vero
257 3589 454 3677 scriptorum
480 3589 608 3658 ratione
636 3591 776 3658 eruenda
801 3589 934 3658 omnino
956 3588 1096 3678 cogitari
1117 3589 1215 3658 hodie

151 3695 296 3786 nequire.
335 3694 409 3766 Ho'c
430 3719 532 3764 unum
555 3701 681 3766 certum
702 3696 871 3765 inventum
894 3701 947 3765 cat
964 3695 1215 3786 vetustissimos,

29 3861 33 3870 .
153 3803 210 3890 qui
234 3803 386 3873 solidare
407 3803 443 3871 in
464 3803 527 3872 hae
549 3803 739 3892 quaestione
762 3805 803 3873 ad
825 3827 895 3874 rem
917 3803 1055 3892 facium,
1077 3803 1216 3893 codices,
1253 3853 1256 3858 ‚

108 3989 110 3996 Α
152 3933 218 3998 quo
235 3909 421 3982 remotioris
440 3911 560 3980 aetatis
579 3913 655 4003 sint,
672 3935 712 3981 eo
729 3911 891 4002 integrius
908 3911 1109 4002 primitivam
1126 3911 1216 3982 litte-
