2794 4546
511 327 735 449 kos-

108 545 246 614 aalma
267 573 310 600 ι·
333 544 485 612 Albense
511 543 547 610 in
574 540 718 633 glossa¹)
745 543 841 612 Bern.
868 544 904 611 in
925 542 1053 632 Hageni
1083 543 1160 611 libri

107 653 259 740 inscripto
273 651 404 740 ‘gradm
418 653 459 719 ad
472 649 616 720 criticeu’
630 675 662 739 p.
674 653 724 739 18,
738 652 875 738 denique
889 653 977 738 quod
989 653 1024 718 in
1037 653 1160 741 glosse-

77 759 160 826 .riis
177 759 363 846 frequenter
385 759 506 847 legitur
521 757 684 827 meletium
706 781 766 845 pro
789 759 951 845 collybiam
969 755 1024 848 (ex
1041 781 1159 847 gracco
1192 757 1226 802 '·
1282 811 1285 817 .
1344 773 1345 777 ’

45 909 49 914 -
108 861 280 952 collatos)
303 865 474 932 adiuvante
496 887 648 952 perverso
670 863 881 954 veriloquio')
905 866 1072 952 scriptum.

189 990 314 1076 inae,
340 991 380 1058 13
411 991 779 1076 auobresersmtsioyelbe
813 1013 873 1077 pro
904 995 1027 1059 5551555
1054 991 1161 1058 Senio
1250 975 1253 979 ’
1285 1013 1286 1018 ’

108 1095 196 1185 (Ser.)
213 1096 508 1196 Galbamenifesto
528 1101 641 1164 ortam
656 1101 718 1184 est,
735 1121 809 1166 cum
826 1097 968 1185 primum
990 1120 1161 1186 perperam

108 1205 264 1292 explicata
287 1209 373 1314 esset
394 1209 473 1270 nota
495 1203 574 1286 Ser„
602 1205 716 1271 deinde
739 1205 897 1273 eorrectio
920 1227 1020 1292 supra
1041 1205 1161 1272 lineam

111 1349 216 1416 eddita
237 1317 351 1416 salaba
396 1347 488 1416 Hane
511 1347 584 1414 vitii
607 1348 766 1436 originem
789 1371 860 1416 esse
881 1371 941 1416 nee
963 1350 1036 1436 plus
1060 1349 1161 1416 latere

39 1541 40 1546 ἵ
110 1479 201 1540 qnam
229 1457 334 1524 servio
360 1457 463 1523 Galba
494 1477 606 1522 omnes
638 1455 744 1522 critici
773 1455 1003 1522 intellexerunt
1033 1461 1163 1542 praeter

110 1557 314 1640 Harantium,
336 1558 392 1646 qui
415 1557 645 1645 intempestivo
668 1563 706 1624 ut
729 1558 807 1624 alibi
831 1581 958 1646 quoque
981 1560 1090 1626 studio
1112 1581 1163 1628 se·

111 1666 204 1759 stigia
227 1667 426 1760 syllabarum
448 1667 613 1758 premendi
637 1667 752 1739 duetus
776 1667 797 1740 l.
811 1691 837 1740 5.
851 1692 881 1760 p.
896 1669 959 1741 307
982 1668 1088 1740 &ato
1109 1669 1163 1740 illo
1263 1751 1275 1766 ,Ι

110 1777 207 1854 Galba
228 1779 333 1846 inesse
356 1779 391 1844 in
414 1778 576 1864 scriptura
594 1777 714 1845 codicis
733 1783 852 1846 censet.
888 1777 1052 1846 Natarum
1073 1801 1163 1866 prae

39 1889 40 1894 ’
110 1885 273 1953 nominum
300 1909 401 1973 prava
421 1885 649 1972 interpretatio
673 1909 693 1952 a
715 1885 858 1952 librariis
885 1885 1033 1973 profecta
1059 1885 1164 1953 multu
1199 1881 1201 1886 ’

112 1991 206 2060 habet
228 1995 375 2080 exempla
396 1993 448 2060 vel
471 1993 505 2060 iu
528 1995 641 2060 eodem
663 1993 922 2083 vindobonensi,
944 1999 982 2061 ut
1004 1996 1058 2081 41,
1076 1994 1161 2082 28,1

111 2107 182 2184 aput
199 2106 204 2180 Ι
222 2103 383 2170 5155άί-
398 2104 460 2186 Ap.
477 2102 594 2170 Obsudi
615 2100 715 2189 (idem
738 2102 857 2170 accidit
878 2101 1081 2189 praenomini
1103 2105 1164 2188 Ap.

112 2206 246 2275 inMesi
269 2208 335 2276 Oie.
358 2195 434 2274 lam.
453 2211 483 2294 3,
503 2209 533 2295 ’1,
550 2211 581 2274 4.
604 2211 635 2294 8,
653 2209 683 2276 3.
706 2209 772 2295 9,]
798 2212 874 2296 cet,
896 2209 936 2276 cf.
959 2209 1002 2274 ib.
1024 2209 1164 2295 4,12,,2

112 2318 192 2400 apud
211 2319 314 2402 mopso
336 2318 432 2384 50555
450 2347 492 2372 ι-
510 2339 533 2382 α
555 2317 595 2385 P.
611 2317 722 2403 Mucio
744 2314 876 2402 Cilone),
892 2317 951 2403 45,
967 2318 1017 2403 10,
1033 2317 1074 2384 10
1096 2335 1165 2386 uem

111 2423 214 2489 decimi
234 2429 269 2490 et
295 2425 344 2509 13,
366 2426 387 2492 8
409 2445 479 2491 eam
494 2426 624 2510 papirio
646 2453 689 2478 =
712 2423 745 2491 Ο.
764 2422 887 2490 Decimi
911 2459 949 2472 -
974 2423 1008 2493 0.
1027 2425 1165 2510 Papirio,

113 2530 161 2614 42,
168 2531 252 2615 22,5
266 2535 430 2614 postquam
446 2531 577 2614 flavium
591 2561 633 2585 -
642 2535 714 2614 posi
734 2529 770 2612 Q.
784 2530 943 2616 Fulvium,
961 2535 999 2596 ut
1007 2531 1166 2610 omittam
1242 2561 1247 2568 ·

99 2655 165 2727 1¹oe
192 2657 252 2722 ΡΝ
282 2633 391 2718 Quinti
416 2633 484 2726 (Q)
515 2637 724 2723 praenomine
754 2637 929 2703 sescenties
958 2637 994 2703 in
1020 2639 1167 2706 omnium
1304 2665 1313 2689 ν

112 2747 252 2810 aetatum
282 2742 448 2810 codicibus
479 2744 625 2810 obvium:
655 2747 713 2829 41,
738 2745 793 2828 14,
814 2745 845 2810 4.
870 2744 898 2810 7.
930 2745 989 2830 42,
1008 2746 1065 2829 42,
1086 2747 1117 2811 4.
1146 2745 1164 2811 'l

114 2843 200 2934 (9555
225 2879 269 2904 -
295 2870 353 2932 que
375 2878 416 2904 -ι
441 2845 501 2938 (l).
528 2851 586 2934 43,
608 2853 645 2933 4,
669 2852 718 2916 11.
748 2849 804 2934 16,
827 2851 848 2916 2
875 2854 950 2935 eet,
976 2843 1033 2936 21,
1056 2851 1113 2935 63,
1136 2851 1166 2916 3.
1272 2883 1274 2886 ·
1357 2789 1358 2810 l

39 2969 57 3050 Ν,
113 2955 161 3042 22,
184 2958 234 3043 10,
258 2958 310 3024 10.
331 2956 383 3043 24,
409 2958 458 3024 12.
480 2959 533 3043 24,
555 2958 586 3042 9,
608 2957 638 3023 4.
663 2956 681 3021 7
706 2959 776 3043 oet,
798 2955 872 3024 Tac.
895 2979 968 3024 ann.
990 2958 1021 3042 2,
1044 2958 1096 3024 37.
1115 2958 1166 3026 48.

114 3061 141 3146 3,
156 3064 208 3130 51.
229 3067 262 3150 4,
279 3065 321 3130 61
346 3062 462 3151 (qaue),
484 3063 551 3132 015.
569 3064 640 3130 Att.
661 3065 712 3150 15,
734 3064 765 3148 2,
783 3065 813 3132 2.
836 3067 867 3151 4,
888 3067 915 3131 1.
942 3064 991 3147 16,
1012 3066 1043 3150 4,
1064 3067 1080 3130 l
1106 3070 1167 3131 eet.

113 3166 259 3236 Ceterum
284 3193 324 3237 ex
350 3171 402 3238 his
430 3171 566 3258 aliisque
594 3171 687 3237 falsis
714 3175 867 3237 notarum
895 3171 1167 3258 explicationibus
1271 3217 1275 3228 ·
1310 3197 1314 3208 ·

112 3275 190 3342 nihil
220 3277 352 3344 omnino
385 3278 466 3344 certi
497 3278 532 3346 in
563 3283 715 3345 notarum
747 3277 959 3366 gemellarum
996 3277 1167 3376 antiquum

53 3435 58 3446 .
114 3403 218 3470 mum,
244 3405 309 3470 qao
331 3383 483 3452 librarius
505 3385 659 3471 deeeptus
687 3385 747 3470 sit,
773 3384 921 3474 concludi
943 3407 1040 3471 posse
1063 3383 1167 3470 (velut

199 3629 435 3702 0115555155
455 3631 630 3690 emendanda
648 3630 772 3696 videtnrc
794 3631 975 3701 Allobrox,
999 3632 1112 3700 651155,
1134 3631 1168 3688 de

118 3717 215 3777 651115
251 3719 343 3777 Aliter
359 3718 459 3793 Hagen
475 3720 494 3779 1
513 3737 537 3779 5.
555 3721 684 3779 correxit.
1217 3751 1236 3793 ⁴.

198 3813 228 3884 2)
247 3808 415 3869 0115555555
428 3810 573 3868 delensis:
589 3809 706 3869 ‘dicitur
718 3812 858 3881 55501555,
873 3810 950 3884 qnod
958 3809 1043 3880 simul
1051 3809 1166 3883 plaeet’

117 3894 196 3957 Plura
210 3897 359 3956 565515νί1
368 3899 543 3958 Hildebrand
559 3900 598 3957 56
610 3898 856 3973 5155155555
869 3906 959 3960 nm
972 3901 1169 3970 5551166555,

117 4003 195 4056 m
210 3995 250 4048 eet
264 3993 352 4048 555155
364 3990 506 4063 msice
1010 4013 1014 4018 ¹
