2766 4550
602 287 816 356 ..95-

30 503 34 552 ,
179 453 232 522 814
259 453 401 542 plurima
428 451 493 520 alia
521 450 562 518 ad
590 448 823 538 pronuntiandi
850 447 960 535 potius
988 469 1085 536 quam
1112 445 1265 536 legendi⁴
1352 493 1353 496 ,

30 553 31 582 ³
102 571 128 632 ’,
178 585 306 630 errores
329 560 502 650 pertinent,
525 559 667 626 velutin
686 557 799 626 codem
818 556 1061 646 1144442944.
1085 553 1268 643 aspiratio

141 711 145 719 ι
178 670 323 738 detracta
347 667 457 736 addita
479 667 602 754 inserta
625 663 679 756 (cf.
702 688 762 733 444
785 689 816 753 p.
839 664 884 731 40
898 661 993 754 squ),
1015 687 1045 752 p.
1062 664 1106 732 25
1128 685 1164 731 cs
1180 684 1243 752 pro

175 777 343 867 simpuro
366 776 524 865 seriptum
542 773 601 864 441.
619 797 679 842 nos
702 798 733 861 p.
751 767 820 862 69),
843 796 874 860 p.
893 773 936 842 28
956 795 978 860 9
1002 795 1061 861 pro
1083 773 1097 842 a·
1118 769 1153 840 14
1174 793 1242 840 444-

173 893 273 974 pauc
296 883 351 976 (ol.
373 883 575 966 Schuchardt
603 883 624 949 l.
643 903 669 948 c.
688 880 719 967 1,
737 877 874 971 6944),
900 905 931 970 p.
953 882 998 949 45
1024 903 1047 948 n
1068 903 1129 970 pro
1151 902 1184 948 m
1207 881 1242 948 in

162 999 304 1062 euentus
327 989 382 1082 (oi.
409 1015 469 1059 nos
498 1015 527 1077 p.
558 987 631 1080 24),
662 988 797 1056 confusa
828 1010 849 1055 4
887 993 920 1056 44
951 1011 995 1056 aar
1026 1013 1054 1076 p.
1079 989 1152 1058 Li
1185 985 1242 1078 (ci.

178 1100 379 1170 Schuchardt
401 1099 444 1180 11,
462 1099 527 1166 306
542 1094 614 1188 sq.),
637 1097 655 1165 h
678 1102 712 1166 ct
732 1119 752 1164 c
773 1121 804 1186 p.
823 1097 908 1184 9sq.
930 1097 1044 1185 68.sq.‚
1065 1103 1094 1164 44
1116 1101 1151 1164 44
1173 1103 1185 1164 4
1208 1099 1242 1164 44

175 1215 201 1276 44
225 1233 256 1296 p.
276 1209 317 1276 16
345 1205 407 1296 (41.
427 1229 487 1274 444
514 1230 545 1294 p.
564 1207 606 1272 29
627 1200 704 1295 44),
734 1207 768 1273 di
795 1209 829 1272 44
850 1225 869 1273 a
895 1227 925 1292 p.
948 1206 997 1274 18.
1015 1206 1058 1274 28
1086 1203 1240 1294 (Schuclu

174 1317 199 1402 1,
218 1317 259 1383 67
275 1311 349 1406 44),
371 1316 383 1383 1
405 1319 438 1382 44
461 1337 479 1381 r
500 1339 531 1402 p.
549 1315 602 1382 40.
621 1314 664 1382 56
688 1310 743 1404 (ci.
761 1335 821 1381 nos
841 1337 872 1402 p.
892 1310 966 1404 62),
988 1335 1029 1399 qu
1052 1319 1085 1380 et
1107 1334 1124 1382 4
1145 1337 1178 1404 p.
1196 1311 1240 1382 55

73 1511 79 1520 ι
175 1421 229 1514 (oi.
243 1447 303 1492 nos
318 1447 350 1511 p.
364 1419 422 1514 69)
436 1423 564 1510 aliaque
579 1422 697 1508 multa,
712 1444 794 1509 4444
804 1422 913 1490 taedet
922 1421 1118 1512 singillatim
1134 1443 1240 1510 perse·
1303 1425 1306 1432 ’
1352 1455 1353 1458 ¹

174 1533 238 1618 qui.
268 1529 412 1598 Similem
434 1531 593 1597 rationem
613 1553 728 1616 parum
748 1529 895 1598 criticam
914 1529 1058 1598 ostendit
1075 1528 1113 1598 Ο.
1127 1529 1241 1596 Keller

132 1636 138 1658 ¹
173 1639 205 1704 in
220 1639 323 1705 indice
342 1638 383 1703 41
397 1638 534 1724 epilegg.
550 1636 665 1704 Horat.
679 1635 861 1724 composito
876 1633 922 1725 (p.
946 1638 1013 1704 839
1030 1633 1130 1725 444),
1153 1640 1186 1704 44
1198 1659 1239 1728 ax
1339 1701 1341 1707 .

173 1748 265 1831 parte
284 1745 382 1810 etiam
398 1741 435 1810 Ο.
445 1743 592 1812 Ribbeck
610 1743 645 1810 in
664 1745 811 1832 prolegg.
830 1743 871 1810 ad
889 1741 1015 1832 Vergil.
1033 1765 1064 1829 p.
1078 1743 1144 1811 238
1159 1739 1238 1832 sqq„

173 1874 369 1940 quemquam
400 1851 453 1918 hic
485 1850 617 1919 edoctus
652 1848 879 1919 Schuchardtii
913 1851 987 1918 utili
1019 1849 1120 1937 libro,
1152 1849 1238 1937 quod
1352 1859 1353 1864 ’

119 2002 121 2006 -
172 1958 302 2046 saepius
339 1958 558 2043 laudavimus,
594 1959 763 2046 complura
798 1958 1008 2026 librariorum
1044 1957 1161 2024 menda
1196 1957 1237 2024 ad

168 2065 402 2152 pronuntiandi
417 2065 524 2152 potius
535 2067 776 2156 neglegentiam
790 2070 878 2134 recte
892 2065 1015 2152 retulit,
1028 2065 1116 2133 haud
1125 2063 1235 2154 paucis

172 2175 282 2239 tamen
309 2174 472 2241 erroribus
499 2173 638 2260 relictis,
671 2197 743 2243 cum
766 2173 872 2262 primo
896 2178 1025 2242 tantum
1047 2173 1137 2242 illius
1160 2172 1235 2241 libri

171 2279 335 2346 volumine
359 2282 388 2348 ei
411 2281 464 2368 uti¹
478 2282 599 2353 liceret.

260 2386 362 2456 Caute
384 2388 487 2478 igitur
505 2389 742 2479 diligenterque
761 2389 973 2460 secernendae
992 2393 1068 2458 sunt
1090 2411 1234 2458 errorum

171 2515 287 2562 causa-e
314 2519 419 2585 neque
445 2497 480 2564 14
509 2519 625 2584 unam,
651 2502 689 2564 ut
712 2498 819 2585 41444,
845 2499 995 2586 copulam
1023 2495 1234 2578 coniciendae,

171 2623 235 2689 444
256 2602 291 2669 14
308 2627 342 2671 re
366 2605 548 2690 pudendam
571 2627 675 2693 nuper
696 2605 855 2674 incuriam
874 2603 1141 2694 inscientiamque
1164 2627 1233 2694 pro·

137 2785 139 2791 ,
170 2709 293 2777 didita
321 2711 441 2780 criticis
463 2711 609 2780 Liuianis
632 2711 761 2781 Harant
784 2711 899 2782 Gallus
927 2715 960 2782 in
987 2714 1073 2782 libro
1100 2713 1232 2782 adnota-

168 2811 295 2883 tionum
314 2822 347 2884 44
365 2819 625 2888 emendationum
644 2820 686 2888 ad
708 2819 744 2890 Τ.
763 2819 892 2888 Liuium
915 2817 1065 2911 (Parisiis
1084 2844 1112 2889 a
1134 2817 1230 2908 1880)
1291 2877 1294 2882 .

170 2925 273 2990 multa
292 2926 490 3014 coniectans,
514 2935 653 3016 quaeat
675 2951 695 2996 a
718 2950 850 3015 prorsus
868 2951 1020 3016 perversa
1042 2928 1231 2998 mendorum

169 3031 427 3123 aestimatione¹)
441 3037 587 3122 proiecta
601 3037 713 3104 statim
728 3037 770 3105 ab
784 3037 879 3104 initio
893 3037 1114 3106 reiculasont
1150 3035 1232 3120 Nos,

97 3155 98 3158 ’
168 3137 345 3206 attendam
359 3139 483 3228 aliquid
497 3141 577 3212 certi
590 3142 751 3211 habeatnr
764 3143 803 3216 de
817 3164 855 3212 44
870 3142 997 3211 errandi
1007 3165 1134 3234 genere,
1147 3141 1232 3232 quod

50 3295 53 3300 r
100 3323 107 3337 .
167 3243 202 3312 14
218 3245 373 3315 similium
391 3249 575 3319 litterarum
592 3251 832 3340 permutatione
849 3257 1005 3340 versatur,
1023 3249 1231 3338 scriptionem
1293 3243 1297 3255 ’

168 3353 341 3436 unciolam,
373 3377 456 3442 quae
483 3361 534 3426 est
556 3358 590 3426 in
614 3360 739 3427 duobus
767 3359 1000 3443 vetustissimis
1027 3347 1117 3428 codd.
1146 3353 1229 3426 Liuii
1280 3359 1284 3365 “
1352 3351 1353 3354 '

169 3459 332 3530 Puteaneo
356 3467 389 3530 ct
411 3460 672 3552 Vindoboncnai,
701 3465 900 3552 sumpsimus
922 3465 1060 3554 indeque
1082 3464 1229 3552 exempla

169 3568 266 3656 quam
289 3570 422 3638 minime
445 3571 543 3640 dubia
566 3573 727 3660 petiimus.
763 3571 853 3652 Quae
869 3571 936 3642 iam
955 3595 1066 3642 sumus
1084 3570 1119 3640 in
1138 3555 1228 3640 brevi

257 3817 282 3888 1)
301 3814 342 3872 of.
356 3817 473 3888 444411.
483 3817 504 3876 l.
514 3817 633 3877 diuellat
647 3817 753 3878 214414.
768 3817 788 3877 1.
801 3819 830 3877 d
839 3817 939 3894 Syma.
948 3817 1062 3891 XXXV,
1069 3816 1223 3876 Jahrcahar.

165 3919 194 3975 p.
214 3904 402 3964 1481444414.
706 3961 708 3964 .
