2794 4546
620 364 905 438 -7..·

139 522 140 526 ¹
185 531 236 597 vel
260 529 401 616 speciem
425 531 508 597 alius
533 530 622 598 vocis
645 529 802 617 plenioris
826 552 865 597 ex
888 529 1015 616 aliquot
1038 527 1159 595 litteris
1182 551 1252 615 per·

58 621 62 678 3
89 647 93 654 '
119 669 122 676 ·
186 660 279 706 verse
294 638 454 726 separatis
475 638 638 706 obiectam
660 641 886 724 sequerentnr3
909 660 974 724 quo
993 637 1118 704 iactum
1136 639 1196 722 est,
1213 639 1253 702 nt

5 735 8 742 ’
114 781 126 794 »«
183 746 280 812 modo
304 767 343 812 ex
362 747 487 813 duabus
505 747 640 814 vocibus
663 767 742 832 una,
765 745 862 811 modo
886 767 925 812 ex
947 767 1012 812 una
1034 745 1131 829 duae,
1153 743 1251 810 modo

148 935 149 939 Ἰ
183 874 223 919 ex
250 852 376 919 duabus
404 854 486 920 dnae
514 852 597 918 aliae
626 852 800 918 evaderent
822 851 941 917 additis
969 851 1096 936 aliquot
1121 849 1251 916 litteris.

182 958 289 1026 insita
312 956 473 1026 eiusmodi
496 957 685 1024 hominibus
708 957 741 1023 vi
765 955 976 1044 cogitationis
1002 958 1043 1023 ad
1064 957 1196 1025 notiora
1214 961 1252 1036 *et

181 1066 359 1132 usitatiora
390 1064 552 1130 trahentis
584 1063 712 1129 librarii
743 1063 779 1129 in
808 1063 891 1129 tales
922 1057 1048 1129 errores
1079 1063 1252 1149 praecipue

118 1195 120 1199 ’
181 1173 343 1259 proclives
363 1175 471 1250 erant,
494 1170 623 1256 quando
638 1170 797 1238 vocabula
815 1170 923 1236 minus
943 1169 1024 1235 trita
1042 1169 1253 1236 describendo
1318 1247 1321 1256 Ι

181 1283 291 1366 erant3
328 1277 368 1345 ci.
391 1278 427 1344 in
450 1277 496 1344 eis
525 1299 607 1363 qnae
636 1277 881 1365 subsequuntur
903 1275 1061 1362 exemplis
1087 1282 1277 1356 sarmento,'

179 1407 312 1472 pernox,
334 1385 634 1472 spartnm‚,mlnlns‚
665 1385 746 1452 item
772 1385 907 1452 nomina
933 1383 1067 1471 propria
1093 1383 1253 1470 Indebilis,

39 1509 40 1513 ’
172 1494 281 1579 *Apem
308 1494 463 1578 Inqarmi,
494 1491 641 1578 Dolopes,
669 1494 865 1579 Amicitias.
918 1491 965 1558 Et
993 1491 1158 1558 interdum
1186 1513 1253 1558 non

182 1601 325 1666 multum
348 1601 469 1678 absunt
490 1597 526 1665 hi
550 1621 677 1666 errores
700 1623 720 1665 a
743 1599 894 1666 consulta
915 1599 1184 1684 interpolatione,
1205 1599 1255 1664 ita

183 1712 294 1774 tamen
316 1709 355 1772 ut
377 1728 444 1772 non
466 1727 663 1792 unoquoque
681 1706 755 1773 loco
774 1705 908 1795 coargui
926 1705 1041 1792 possit.
1074 1705 1122 1773 Ut
1140 1727 1160 1771 o
1178 1705 1254 1772 sim·

110 1797 112 1806 ¹
183 1813 376 1900 plioioribus
399 1811 532 1884 initium
550 1811 679 1893 faciam,
698 1812 767 1880 Liv.
782 1813 924 1901 22,16‚7
949 1811 1134 1880 Puteanens
1153 1813 1254 1880 codex

183 1919 331 1986 exhibet:
356 1919 514 2003 fecemque
532 1922 538 2003 Ι
554 1917 580 2007 ¹)
598 1915 784 2004 virgarum!
803 1925 894 2005 atque
913 1925 918 2002 Ι
937 1921 1039 1987 arietis
1058 1924 1064 2004 Ι
1083 1916 1254 2008 ammeio!

21 2039 24 2046 ‘
135 2033 136 2038 ’
177 2019 416 2113 praeligantur:
442 2027 477 2093 ni
500 2026 607 2114 fallor,
628 2027 783 2095 librarius
806 2051 867 2118 pro
891 2051 968 2095 vero
989 2027 1076 2094 oridi
1097 2027 1256 2112 sarmenti,

46 2170 53 2179 ·
73 2169 76 2178 ·
187 2159 261 2204 enm
278 2135 430 2203 sarmenti
452 2135 650 2202 vocabulum
667 2135 850 2222 ignoraret,
872 2137 1005 2202 armenti
1023 2134 1075 2201 vel
1090 2157 1129 2201 ex
1143 2154 1253 2200 sacro-

51 2265 52 2268 *
182 2265 256 2310 rum
279 2242 440 2334 librorum
462 2265 524 2308 usu
550 2247 677 2330 nosset,
709 2243 795 2310 malo
822 2242 958 2310 divulsis
990 2242 1112 2311 litteris
1140 2237 1259 2328 (aridis

148 2359 151 2368 '
183 2349 330 2438 armenie)
350 2371 492 2436 casuque
508 2350 550 2416 ad
568 2349 721 2418 adiectivi
740 2372 852 2418 casum
871 2349 1117 2418 accommodato
1134 2343 1252 2436 aridis}

183 2460 333 2524 onerantis
356 2457 497 2543 scripsit
532 2456 581 2524 Ut
598 2463 740 2525 aretenta
758 2459 930 2546 cogitaret,
952 2457 1107 2524 librarius
1126 2457 1165 2524 de
1184 2477 1253 2522 sen·

184 2564 289 2632 tentia
311 2585 444 2632 securus
467 2586 506 2630 eo
529 2563 708 2650 proclivius
731 2565 890 2634 adductus
914 2568 979 2652 est,
1002 2563 1089 2651 quod
1111 2563 1146 2629 in
1164 2584 1254 2649 seqq.

83 2687 90 2698 ·
182 2675 394 2738 arnrentornm
416 2670 540 2737 mentio
562 2671 616 2755 fit,
644 2669 769 2738 scilicet
792 2671 827 2740 in
849 2671 1036 2758 praeclarae
1056 2669 1252 2736 Hannibalis

184 2778 271 2864 apud
294 2775 476 2845 Casilinum
502 2776 627 2844 fraudis
654 2777 852 2872 narratione.
893 2778 995 2845 Plane
1018 2775 1119 2844 simili
1141 2797 1252 2852 errore

183 2885 228 2951 ib.
251 2885 353 2970 20,6
384 2884 420 2950 in
446 2883 521 2952 Put
544 2885 679 2972 scripta
713 2889 827 2952 extant
847 2885 939 2954 laec
971 2885 1071 2952 ubivis
1100 2880 1252 2972 ineenset
1287 2909 1289 2914 ·

50 3022 52 3028 ⁸
178 2993 285 3077 portis
309 2995 315 3074 Ι
338 2992 383 3058 ort
404 2993 410 3072 Ι
434 2992 524 3076 remi
549 2993 710 3060 nauteam
729 2996 735 3072 Ι
754 2997 926 3078 congestam
945 2988 952 3080 Ι
969 2991 1009 3058 ot
1028 2989 1034 3074 Ι
1054 2988 1255 3090 Hoodrntote

184 3121 257 3185 prof
274 3098 329 3166 uti
356 3099 403 3166 oio
431 3119 548 3184 maone
573 3100 675 3183 sororii
700 3101 745 3166 od
768 3120 795 3168 r.
818 3121 850 3167 n.
882 3103 957 3167 oet:
992 3097 1148 3164 librarius
1179 3117 1255 3164 cnm

183 3203 274 3271 vocis
292 3209 434 3288 spermm
453 3203 674 3293 cognitionem
696 3227 763 3273 non
784 3206 936 3292 haberet,
949 3205 1081 3284 ,litteris
1104 3203 1188 3272 ialso
1209 3202 1255 3269 di

148 3375 150 3380 .
188 3311 321 3378 stinetis
341 3307 487 3400 (moynee
497 3308 603 3399 porti)
618 3311 746 3379 effinxit
758 3334 890 3398 orcynus
909 3317 915 3396 Ι
929 3313 1043 3400 pomis,
1061 3316 1100 3378 nt
1117 3309 1255 3378 latinam

186 3419 306 3502 saltem
328 3416 470 3486 formam
488 3419 657 3486 vocabulis
680 3419 838 3487 indueret.
874 3418 958 3506 Mihi
980 3418 1135 3486 librarius
1154 3416 1256 3504 stupi-

185 3523 246 3590 dus
270 3523 371 3590 etiem
393 3524 494 3591 obicis
515 3521 615 3590 anain
637 3545 751 3592 vocem
773 3518 974 3594 intellexisse
996 3525 1124 3592 ridetur
1141 3527 1175 3590 et
1192 3522 1271 3626 heo·

148 3839 153 3850 ‚
275 3788 302 3857 1)
330 3783 420 3854 Quem
450 3785 601 3842 verberoni
632 3765 859 3845 coniunctionem
886 3787 917 3845 in
943 3784 1077 3845 continue
1113 3783 1256 3860 scriptun

176 3873 318 3932 ‘librarius
336 3875 467 3934 videntur
489 3873 626 3946 voluisse,
648 3873 695 3932 hie
717 3879 748 3934 ot
763 3875 796 3933 in
814 3891 891 3949 seqq.
914 3875 1010 3934 indico
1031 3875 1115 3933 lineis
1133 3873 1276 3933 clarentis¹

184 3961 370 4038 interpositis.
449 4019 450 4024 ,
542 3994 551 4022 ι
