2766 4550
217 1138 271 1256 lt.
309 1139 354 1212 Ite
382 1139 543 1212 similium
570 1137 762 1212 litterarum
790 1139 826 1212 tn
854 1139 983 1212 unciali
1005 1138 1180 1234 'scriptura

570 1267 826 1360 permutatione.

260 1403 441 1492 Opinantur
462 1403 607 1490 plerique
629 1426 689 1472 neo
712 1405 818 1472 solum
846 1405 941 1472 rudes
964 1406 998 1471 in
1021 1411 1092 1473 arte
1115 1408 1230 1474 critica

161 1513 239 1580 suis
257 1511 454 1600 quibuslibet
472 1511 663 1579 coniecturis
682 1513 775 1600 quasi
793 1511 1106 1608 commendationem
1126 1536 1230 1582 acces·

160 1643 280 1688 suram
302 1641 387 1706 esse,
413 1618 442 1685 si
468 1623 652 1686 commenta
680 1641 738 1686 sua
767 1641 929 1687 unacum
952 1621 1099 1689 codicum
1123 1623 1230 1690 uerbis
1295 1653 1297 1657 ·
1378 1654 1381 1710 p

160 1728 356 1796 maiusculis
387 1725 506 1794 litteris
538 1726 665 1816 depicta
697 1726 876 1816 legentium
909 1727 1010 1796 oculis
1043 1730 1231 1816 praebeant.
1255 1773 1277 1780 κ·

158 1835 338 1904 Eiusmodi
364 1833 574 1922 praestigiae,
606 1834 722 1922 quibus
755 1835 864 1902 omnia
891 1857 930 1903 ex
958 1838 1108 1905 omnibus
1138 1839 1231 1926 fiunt,
1319 1865 1321 1870 ·
1375 1917 1377 1930 ,

49 1985 57 1994 ·
160 1943 296 2033 passim,
318 1943 352 2010 in
379 1943 461 2009 actis
489 1947 586 2030 atquc
610 1942 868 2030 ephemeridibus
890 1945 1096 2033 philologieis
1120 1947 1231 2036 depre-

160 2051 361 2138 henduntur,
383 2051 545 2119 interdurn
569 2051 630 2138 ita,
657 2057 693 2119 ut
719 2074 760 2119 ne
783 2075 848 2120 una
871 2052 999 2142 quidem
1022 2053 1134 2122 littera
1156 2077 1230 2122 eum

127 2249 129 2253 .
162 2183 220 2246 ea,
241 2159 291 2244 eui
308 2159 502 2248 respondere
524 2161 664 2246 iubetur,
686 2161 738 2227 rel
762 2164 892 2227 tenuem
911 2159 1156 2228 similitudinem
1175 2163 1231 2229 ha-

161 2263 247 2336 beat
268 2268 436 2356 omnisque
460 2267 638 2335 similitudo
661 2268 695 2334 in
719 2290 757 2336 eo
775 2271 931 2355 uertatur,
954 2267 1039 2356 quod
1057 2273 1230 2364 utrumque

166 2377 329 2463 scriptura
359 2377 480 2444 nostris
513 2377 614 2444 oeulis
648 2375 784 2443 insolita
815 2398 999 2465 expressum
1032 2381 1108 2449 est..
1142 2375 1230 2457 Quae

168 2484 256 2551 ratio
278 2507 382 2576 quam,
399 2483 573 2551 arbitraria
594 2484 785 2570 plerumque
808 2489 841 2552 et
862 2484 1000 2552 ridicula
1019 2485 1073 2572 sit,
1086 2486 1159 2555 'dici
1175 2487 1230 2554 vix
1337 2545 1340 2554 .

167 2597 288 2681 potest.
332 2590 419 2658 Nam
442 2596 669 2680 praeterquam
697 2592 781 2680 quod
810 2591 845 2658 hi
867 2591 970 2660 critici
990 2591 1148 2682 'ignorant
1170 2595 1229 2662 mi-

166 2699 257 2766 nime
278 2699 458 2785 principem
476 2699 511 2765 in
530 2703 600 2765 arte
618 2700 725 2766 locum
744 2699 891 2766 obtinere
910 2723 982 2766 eum
1001 2723 1152 2788 errorem,
1176 2702 1231 2790 qui

168 2807 276 2874 estin
299 2805 454 2873 similium
476 2805 660 2873 litterarum
683 2807 921 2895 permutatione
943 2808 1085 2895 positus,
1112 2809 1227 2876 miram

167 2915 359 3004 plerumque
373 2913 515 3002 produnt
528 2913 725 3000 imperitiam
740 2913 820 2980 artis
834 2914 1134 3003 palaeographicae,
1149 2940 1231 3005 quae

168 3021 234 3090 misi
256 3021 384 3111 penitus
407 3025 633 3110 perceptaest,
652 3022 813 3089 edmerus
835 3023 1017 3090 necessario
1036 3023 1231 3110 praestigias

168 3130 262 3198 redit
306 3128 419 3220 Neque
446 3131 531 3212 emim
559 3124 666 3198 solum
689 3129 815 3198 litteras
838 3129 989 3200 confusas
1012 3153 1082 3199 esse
1105 3131 1231 3220 uolunt,
1342 3171 1344 3176 ·
1379 3107 1382 3150 ³

171 3260 253 3327 quae
279 3239 411 3308 omnino
437 3240 529 3307 mulla
555 3243 662 3306 aetate
688 3261 792 3328 neque
819 3261 853 3306 nn
879 3239 947 3308 ullo
975 3239 1154 3326 scripturae
1177 3262 1231 3330 ge-
1274 3246 1277 3253 '

169 3369 247 3415 uere
264 3345 417 3415 conlundi
435 3350 611 3436 potuerunt
624 3351 759 3436 propter
773 3345 927 3416 ductuum
943 3370 1041 3437 quam
1055 3347 1230 3416 maximam
1281 3351 1282 3354 ’

48 3487 53 3494 ·
170 3455 403 3542 diversitatem,
424 3457 514 3523 velut
537 3457 549 3524 l
570 3460 603 3524 et
623 3453 729 3545 r-¹)5-d
749 3458 782 3524 et
805 3453 865 3544 t¹),
887 3455 905 3524 t
928 3457 961 3524 et
981 3453 1032 3540 ι’)
1054 3461 1124 3546 cet,
1148 3477 1230 3546 quae

260 3650 286 3720 1)
305 3647 346 3705 Gi.
365 3663 451 3720 supra
468 3667 495 3721 p.
515 3655 557 3706 tt.

258 3741 288 3810 a)
305 3735 367 3795 Hae
394 3741 580 3796 consonantes
606 3740 817 3812 permutantur,
847 3741 933 3812 prout
959 3739 1055 3797 duatus
1081 3737 1231 3798 molliusve

63 3809 71 3820 ‘
168 3831 280 3900 nme
294 3827 369 3902 quoa
382 3826 484 3886 uuum
497 3827 627 3902 maen·
640 3827 974 3889 osenusneumce
988 3826 1231 3900 occupassem
1295 3875 1297 3878 .

169 3919 244 3982 atad.
263 3918 325 3980 crit
342 3938 371 3994 p.
387 3924 438 3978 lot
448 3919 513 3994 sq.)e
530 3919 566 3978 ci.
585 3919 735 3979 Ribbeckii
751 3919 833 3995 prolt
852 3920 890 3978 ad
907 3918 992 3994 Verg.
1011 3937 1039 3992 p.
1058 3924 1119 3977 248.

258 4013 288 4082 a)
306 4009 399 4070 Unum
423 4007 553 4069 excitabo
574 4009 784 4070 Alschetminm
807 4008 1231 4082 inethiviipraetral.111
