2766 4550
466 374 702 441 —102-

58 535 236 620 Houuc'tot,
261 556 300 601 uc
320 536 390 619 puis
413 540 476 610 taur
496 535 682 620 propinquis
703 533 835 600 bostium
858 535 968 601 castris
991 533 1115 618 Copuuc

57 664 173 728 quoquc
197 646 471 726 orerecurrunt,
497 642 661 708 exercitum
687 641 732 707 od
754 639 929 708 Cosilinum
955 641 1051 728 ducit,
1078 639 1113 707 in
1147 693 1150 699 .

22 745 24 754 ’
59 751 214 837 corruptis
240 748 348 817 uerbis
375 754 588 816 orerecurrunt
611 747 695 814 nibil
722 747 824 814 lutere
851 753 931 834 puto
959 748 1022 815 nisi
1050 770 1114 815 ore·
1199 785 1200 788 π

59 867 156 936 rctur‚·
180 857 359 945 quodcum
382 855 501 924 lectum
524 859 610 922 esset
631 874 769 922 oreretur
791 852 846 944 (ct.
868 841 966 944 Verp.
989 854 1069 922 Aen.
1084 855 1115 941 2,

60 966 122 1033 ’439
145 964 287 1032 Palatini
314 963 432 1032 codicis
455 963 624 1032 lectionem
650 983 819 1031 moreretur
840 985 900 1051 pro
922 959 1113 1050 moreretur),

62 1072 211 1140 librarius
238 1072 355 1160 aliquis
377 1072 496 1140 litteris
519 1093 586 1139 non
604 1075 691 1139 recte
714 1071 876 1140 distinctis
895 1095 933 1139 ex
955 1093 1007 1140 ore
1028 1093 1116 1139 rccur

61 1180 363 1268 supplendoeffecit
380 1201 430 1246 ore
446 1185 616 1246 recurruut.
652 1178 796 1246 Necdum
815 1183 988 1268 persancte
1007 1178 1115 1246 erudit
1173 1259 1177 1264 ⁵
1313 1142 1318 1223 ·¹

62 1290 164 1356 oratio
195 1289 337 1376 reposito
370 1291 520 1353 oreretur:
550 1309 627 1353 nam
659 1287 700 1353 ad
732 1283 909 1373 pronomen
939 1288 1009 1372 quis
1034 1286 1116 1354 desi·

62 1396 190 1464 duratur
215 1394 453 1464 substantivum
486 1393 624 1481 aliquod.
669 1393 719 1460 Ea
750 1417 828 1462 vero
860 1394 1007 1482 quaestio
1036 1393 1115 1461 mihi

63 1504 190 1572 omnino
221 1502 418 1590 seiungenda
449 1502 491 1569 ab
523 1503 625 1568 altera
656 1501 784 1568 ridetur
814 1501 949 1591 ideoque
979 1525 1045 1571 non
1081 1503 1116 1569 in

67 1609 180 1679 litteris
206 1617 282 1679 ruut
311 1611 392 1684 illud
419 1611 659 1679 substantivum
687 1610 874 1678 delitescere
900 1610 1116 1698 iudicandum,

69 1719 148 1787 sicut
163 1719 269 1806 Fabri,
287 1719 328 1788 Η.
346 1718 371 1787 Ι.
391 1717 535 1805 Mueller,
558 1717 706 1807 Zingerle
729 1717 869 1807 vestigia
890 1719 978 1787 roais
1002 1720 1115 1788 turnul-

25 1901 30 1912 ,
65 1831 111 1894 tus
133 1851 307 1917 agnuscere
332 1828 394 1895 sibi
416 1827 479 1923 risi
502 1833 586 1894 sunt.
621 1826 716 1895 Nova
734 1827 836 1916 igitur
854 1827 1001 1914 quaestio
1015 1851 1115 1916 eaque
1186 1874 1190 1882 ·

65 1935 202 2004 difficilis
215 1936 257 2004 ad
274 1935 510 2005 diiudicandum
533 1935 688 2024 exoritur,
711 1935 834 2004 scilicet
857 1935 943 2024 quod
965 1935 1116 2004 substan·

64 2044 164 2112 tirum
182 2045 308 2133 generis
327 2044 498 2112 masculini
517 2067 579 2132 quo
598 2045 670 2112 loco
689 2045 891 2112 intercidisse
910 2043 1115 2111 statuendum
1209 2040 1214 2050 '

66 2150 114 2217 sit
149 2150 211 2219 Sed
233 2174 292 2218 nec
314 2152 353 2217 de
376 2151 579 2218 substantivo
603 2151 674 2237 ipro
697 2173 755 2217 nec
778 2151 817 2216 de
841 2151 915 2218 sede
938 2151 1007 2217 eius
1030 2151 1116 2238 quic·

65 2278 156 2343 quum
178 2281 238 2348 pro
260 2263 347 2326 certo
370 2257 491 2346 poterit
518 2257 684 2326 affirmari.
730 2257 881 2326 Pluribus
904 2257 1028 2345 placuit
1051 2256 1146 2324 edi--

65 2365 184 2432 toribus
220 2366 306 2452 quod
338 2365 362 2431 l.
394 2364 445 2432 Fr.
477 2364 608 2456 Gronov
640 2365 811 2451 proposuit
842 2371 978 2432 oreretur
1008 2371 1117 2450 motus,

68 2467 216 2539 Livianae
234 2471 382 2565 dictipnis
400 2493 532 2559 mernor,
555 2495 637 2558 quae
661 2472 880 2560 maximopere
905 2473 1020 2540 suadet
1043 2472 1117 2539 sub·

68 2581 238 2648 strativum
265 2587 372 2648 motus.
413 2578 461 2647 cf.
484 2580 536 2667 23,
562 2580 610 2665 16,
635 2581 656 2658 7,
679 2581 864 2668 priusquam
891 2581 991 2666 otiqru'
1017 2583 1117 2648 motus
1256 2637 1261 2644 .

67 2687 98 2753 iu
118 2690 189 2757 urbe
205 2694 355 2770 oreretur,·
379 2689 533 2777 29,12,5
550 2710 590 2756 ue
604 2689 661 2774 qui
678 2695 778 2758 motus
795 2696 895 2757 ructor
916 2689 952 2756 irs
972 2687 1118 2774 fiuitcu'u's

66 2798 198 2880 φαίνων
213 2799 396 2884 pepulitque
417 2803 565 2877 ororetur‚·
589 2798 641 2884 34,
660 2798 712 2884 26,
729 2798 751 2864 4
768 2819 807 2864 ue
827 2799 903 2883 quit
922 2799 995 2864 uovt
1016 2802 1117 2865 ructus

67 2911 208 2987 uetur,
229 2907 273 2974 ib.
291 2907 344 2993 27,
362 2907 383 2974 3
401 2929 439 2974 ue
459 2907 534 2991 outo
554 2907 694 2974 intest-tui
715 2911 815 2974 motus
837 2911 987 2986 meretum·
1011 2907 1041 2991 3,
1063 2906 1117 2992 49,

70 3011 145 3082 tue
164 3016 241 3102 quid
267 3015 407 3103 Vcrpiur‘i
426 3017 573 3083 oducutus
595 3063 603 3082 .
626 3063 634 3083 .
657 3066 664 3082 .
687 3019 788 3082 motus
812 3014 940 3098 faceret·
967 3014 997 3101 9,
1018 3013 1073 3102 43,
1097 3016 1145 3082 1.
1264 3051 1273 3070 ·.
1324 2952 1327 2984 ¹

69 3117 239 3192 tuSourm‘o
252 3125 325 3192 uoci
337 3128 436 3192 motus
448 3124 545 3192 exorti
549 3143 560 3204 ;
580 3122 757 3212 23,10,10
774 3129 858 3192 motu
875 3123 980 3210 utiquo
994 3121 1118 3210 Oopuoc

68 3236 143 3311 orta·
164 3234 217 3318 24,
230 3233 282 3320 27,
293 3235 319 3300 ’4
336 3237 457 3300 motus.
476 3282 484 3299 .
503 3283 511 3301 .
528 3232 597 3300 orti.
636 3231 729 3312 Quod
747 3253 785 3300 ex
803 3229 914 3300 Fabrii
932 3232 1117 3300 coniectura

71 3333 172 3429 Hertr,
189 3340 232 3408 Η.
250 3341 275 3410 Ι.
292 3340 438 3423 Mueller,
460 3339 616 3430 Zingerle
618 3339 827 3428 ,scripserunt
848 3346 983 3410 oreretur
1006 3341 1117 3409 turtul-

69 3449 173 3534 tract
195 3449 303 3538 ipsum
324 3471 390 3517 nou
412 3449 649 3518 incommodum
672 3453 735 3538 est3
757 3448 797 3517 ct.
814 3450 846 3538 4,
867 3449 920 3535 45,
937 3450 960 3516 4
981 3469 1020 3517 uc
1040 3449 1117 3534 quid

70 3557 133 3626 nori
162 3557 310 3627 tumultus
341 3557 464 3626 laticis
494 3561 645 3638 eructum·
677 3557 730 3645 23,
763 3557 792 3643 7,
819 3558 1009 3643 tacuerit
1038 3558 1119 3626 iuter

71 3663 126 3731 riu
150 3715 160 3735 .
180 3715 221 3735 ..
248 3666 398 3734 tumultur
428 3672 572 3736 oreretur.
616 3665 741 3733 Rursus
773 3665 830 3732 elii
861 3666 1010 3733 tumultus
1041 3668 1120 3732 sntc'

73 3773 129 3839 taor
147 3773 335 3860 propinquis
361 3772 476 3841 addere
505 3773 705 3859 maluerunt,
735 3771 793 3841 ulii
819 3773 885 3841 aliu
912 3771 1005 3858 alibi,
1034 3793 1118 3859 quac
1226 3805 1231 3810 ·

73 3879 187 3948 nnllam
200 3880 325 3949 hubent
337 3879 602 3970 probabilitatem
616 3879 668 3972 (ut
680 3901 796 3967 rumor,
809 3879 930 3966 terror).
958 3877 1020 3947 Sed
1037 3877 1118 3948 baec

73 3987 173 4055 omi·
194 3989 229 4055 in
250 3987 374 4056 incerto
392 3992 483 4056 sunt:
505 3991 592 4076 certe
608 3985 715 4056 forme
731 3987 931 4082 pronominis
948 3987 1019 4073 ouis
1042 3987 1119 4070 sub<
