<?xml version="1.0" encoding="UTF-8"?>
<!DOCTYPE html PUBLIC "-//W3C//DTD XHTML 1.0 Transitional//EN"
    "http://www.w3.org/TR/xhtml1/DTD/xhtml1-transitional.dtd">
<html xmlns="http://www.w3.org/1999/xhtml" xml:lang="en" lang="en">
 <head>
  <title>
</title>
<meta http-equiv="Content-Type" content="text/html;charset=utf-8" />
  <meta name='ocr-system' content='tesseract 3.04.00' />
  <meta name='ocr-capabilities' content='ocr_page ocr_carea ocr_par ocr_line ocrx_word'/>
</head>
<body>
  <div class='ocr_page' id='page_1' title='image "./quaestionescrit00heragoog_0070.png"; bbox 0 0 2794 4546; ppageno 0'>
   <div class='ocr_carea' id='block_1_1' title="bbox 470 295 685 362">
    <p class='ocr_par' dir='ltr' id='par_1_1' title="bbox 470 295 685 362">
     <span class='ocr_line' id='line_1_1' title="bbox 470 295 685 362; baseline 0.009 -18"><span class='ocrx_word' id='word_1_1' title='bbox 470 295 685 362; x_wconf 81' lang='lat'><strong>..54-</strong></span> 
     </span>
    </p>
   </div>
   <div class='ocr_carea' id='block_1_2' title="bbox 64 455 1113 1826">
    <p class='ocr_par' dir='ltr' id='par_1_2' title="bbox 64 455 1113 1826">
     <span class='ocr_line' id='line_1_2' title="bbox 140 455 1107 544; baseline -0.001 -20"><span class='ocrx_word' id='word_1_2' title='bbox 140 457 287 544; x_wconf 89' lang='lat' dir='ltr'><strong>Denique</strong></span> <span class='ocrx_word' id='word_1_3' title='bbox 296 455 365 522; x_wconf 79' lang='lat' dir='ltr'><strong>Liv.</strong></span> <span class='ocrx_word' id='word_1_4' title='bbox 376 455 428 542; x_wconf 78' lang='lat'><strong>23,</strong></span> <span class='ocrx_word' id='word_1_5' title='bbox 442 456 493 542; x_wconf 84' lang='lat'><strong>13,</strong></span> <span class='ocrx_word' id='word_1_6' title='bbox 506 457 526 523; x_wconf 91' lang='lat'><em>8</em></span> <span class='ocrx_word' id='word_1_7' title='bbox 542 477 702 522; x_wconf 75' lang='lat' dir='ltr'><strong>summam</strong></span> <span class='ocrx_word' id='word_1_8' title='bbox 716 455 984 543; x_wconf 74' lang='lat' dir='ltr'><strong>probabilitatem</strong></span> <span class='ocrx_word' id='word_1_9' title='bbox 996 455 1107 543; x_wconf 89' lang='lat' dir='ltr'><strong>habet,</strong></span> 
     </span>
     <span class='ocr_line' id='line_1_3' title="bbox 69 561 1107 649; baseline 0.001 -19"><span class='ocrx_word' id='word_1_10' title='bbox 69 566 140 649; x_wconf 80' lang='lat' dir='ltr'><strong>quocl</strong></span> <span class='ocrx_word' id='word_1_11' title='bbox 159 565 393 631; x_wconf 76' lang='lat' dir='ltr'>Weissenborn</span> <span class='ocrx_word' id='word_1_12' title='bbox 415 562 539 648; x_wconf 88' lang='lat' dir='ltr'><strong>primus</strong></span> <span class='ocrx_word' id='word_1_13' title='bbox 558 561 741 649; x_wconf 87' lang='lat' dir='ltr'><strong>suspicatus</strong></span> <span class='ocrx_word' id='word_1_14' title='bbox 759 563 863 630; x_wconf 90' lang='lat' dir='ltr'><strong>estin</strong></span> <span class='ocrx_word' id='word_1_15' title='bbox 881 563 1028 631; x_wconf 89' lang='lat' dir='ltr'><strong>codicum</strong></span> <span class='ocrx_word' id='word_1_16' title='bbox 1045 564 1107 631; x_wconf 90' lang='lat' dir='ltr'><strong>lec·</strong></span> 
     </span>
     <span class='ocr_line' id='line_1_4' title="bbox 69 668 1108 757; baseline 0.002 -21"><span class='ocrx_word' id='word_1_17' title='bbox 69 670 141 738; x_wconf 88' lang='lat' dir='ltr'><strong>lione</strong></span> <span class='ocrx_word' id='word_1_18' title='bbox 160 694 227 739; x_wconf 89' lang='lat' dir='ltr'><strong>non</strong></span> <span class='ocrx_word' id='word_1_19' title='bbox 248 693 314 737; x_wconf 90' lang='lat' dir='ltr'><strong>uno</strong></span> <span class='ocrx_word' id='word_1_20' title='bbox 336 668 466 737; x_wconf 89' lang='lat' dir='ltr'><strong>nomine</strong></span> <span class='ocrx_word' id='word_1_21' title='bbox 490 675 640 757; x_wconf 87' lang='lat' dir='ltr'><strong>suspecta</strong></span> <span class='ocrx_word' id='word_1_22' title='bbox 662 672 848 756; x_wconf 73' lang='lat' dir='ltr'><strong><em>dictatorque</em></strong></span> <span class='ocrx_word' id='word_1_23' title='bbox 874 670 976 738; x_wconf 88' lang='lat' dir='ltr'><strong>latere</strong></span> <span class='ocrx_word' id='word_1_24' title='bbox 998 693 1108 738; x_wconf 88' lang='lat' dir='ltr'><strong>nume·</strong></span> 
     </span>
     <span class='ocr_line' id='line_1_5' title="bbox 68 773 1107 868; baseline 0.001 -24"><span class='ocrx_word' id='word_1_25' title='bbox 68 801 126 844; x_wconf 89' lang='lat' dir='ltr'><strong>rum</strong></span> <span class='ocrx_word' id='word_1_26' title='bbox 138 779 171 846; x_wconf 93' lang='lat' dir='ltr'><em>D</em></span> <span class='ocrx_word' id='word_1_27' title='bbox 184 776 220 868; x_wconf 93' lang='lat' dir='ltr'><strong>(i.</strong></span> <span class='ocrx_word' id='word_1_28' title='bbox 233 801 262 845; x_wconf 89' lang='lat' dir='ltr'><strong>e.</strong></span> <span class='ocrx_word' id='word_1_29' title='bbox 275 773 453 866; x_wconf 84' lang='lat' dir='ltr'><strong>quiuqeuta)</strong></span> <span class='ocrx_word' id='word_1_30' title='bbox 476 779 516 844; x_wconf 83' lang='lat' dir='ltr'><strong>ad</strong></span> <span class='ocrx_word' id='word_1_31' title='bbox 535 779 757 846; x_wconf 73' lang='lat' dir='ltr'>antecedentia</span> <span class='ocrx_word' id='word_1_32' title='bbox 775 779 895 866; x_wconf 81' lang='lat' dir='ltr'><strong>arquuti</strong></span> <span class='ocrx_word' id='word_1_33' title='bbox 908 779 1024 846; x_wconf 65' lang='lat' dir='ltr'><strong>micula</strong></span> <span class='ocrx_word' id='word_1_34' title='bbox 1037 801 1107 864; x_wconf 71' lang='lat' dir='ltr'><strong>per</strong></span> 
     </span>
     <span class='ocr_line' id='line_1_6' title="bbox 68 884 1107 976; baseline 0.003 -25"><span class='ocrx_word' id='word_1_35' title='bbox 68 884 209 954; x_wconf 86' lang='lat' dir='ltr'><strong>tinentem</strong></span> <span class='ocrx_word' id='word_1_36' title='bbox 232 890 332 972; x_wconf 83' lang='lat' dir='ltr'><strong>atque</strong></span> <span class='ocrx_word' id='word_1_37' title='bbox 354 907 419 952; x_wconf 85' lang='lat' dir='ltr'><strong>una</strong></span> <span class='ocrx_word' id='word_1_38' title='bbox 440 906 559 953; x_wconf 87' lang='lat' dir='ltr'><strong>nomen</strong></span> <span class='ocrx_word' id='word_1_39' title='bbox 575 885 666 954; x_wconf 89' lang='lat' dir='ltr'><strong>ducis</strong></span> <span class='ocrx_word' id='word_1_40' title='bbox 685 884 973 976; x_wconf 77' lang='lat' dir='ltr'><strong>Carthaginiensis.</strong></span> <span class='ocrx_word' id='word_1_41' title='bbox 1013 885 1107 954; x_wconf 90' lang='lat' dir='ltr'><strong>Hanc</strong></span> 
     </span>
     <span class='ocr_line' id='line_1_7' title="bbox 68 991 1106 1080; baseline 0.002 -23"><span class='ocrx_word' id='word_1_42' title='bbox 68 993 268 1078; x_wconf 75' lang='lat' dir='ltr'><strong>suspicionem</strong></span> <span class='ocrx_word' id='word_1_43' title='bbox 286 993 315 1059; x_wconf 90' lang='lat' dir='ltr'><strong>si</strong></span> <span class='ocrx_word' id='word_1_44' title='bbox 333 992 482 1078; x_wconf 79' lang='lat' dir='ltr'><strong>excipias,</strong></span> <span class='ocrx_word' id='word_1_45' title='bbox 499 1015 566 1058; x_wconf 91' lang='lat' dir='ltr'><strong>non</strong></span> <span class='ocrx_word' id='word_1_46' title='bbox 583 998 713 1078; x_wconf 88' lang='lat' dir='ltr'><strong>praeter</strong></span> <span class='ocrx_word' id='word_1_47' title='bbox 730 993 799 1059; x_wconf 86' lang='lat' dir='ltr'><strong>reri</strong></span> <span class='ocrx_word' id='word_1_48' title='bbox 817 993 958 1080; x_wconf 87' lang='lat' dir='ltr'><strong>speciem</strong></span> <span class='ocrx_word' id='word_1_49' title='bbox 973 991 1106 1080; x_wconf 77' lang='lat' dir='ltr'><strong>Madvig</strong></span> 
     </span>
     <span class='ocr_line' id='line_1_8' title="bbox 68 1097 1107 1186; baseline 0.002 -24"><span class='ocrx_word' id='word_1_50' title='bbox 68 1097 223 1186; x_wconf 88' lang='lat' dir='ltr'><strong>legendum</strong></span> <span class='ocrx_word' id='word_1_51' title='bbox 250 1099 423 1186; x_wconf 86' lang='lat' dir='ltr'><strong>proposuit</strong></span> <span class='ocrx_word' id='word_1_52' title='bbox 448 1103 483 1165; x_wconf 87' lang='lat' dir='ltr'><strong>ut</strong></span> <span class='ocrx_word' id='word_1_53' title='bbox 504 1146 602 1166; x_wconf 89' lang='grc'><strong>.....</strong></span> <span class='ocrx_word' id='word_1_54' title='bbox 629 1099 820 1166; x_wconf 84' lang='lat' dir='ltr'><strong>ucittereutur</strong></span> <span class='ocrx_word' id='word_1_55' title='bbox 846 1104 875 1166; x_wconf 89' lang='lat' dir='ltr'><strong>ct</strong></span> <span class='ocrx_word' id='word_1_56' title='bbox 899 1099 1107 1184; x_wconf 82' lang='lat' dir='ltr'><strong>quadruqiutu</strong></span> 
     </span>
     <span class='ocr_line' id='line_1_9' title="bbox 65 1205 1107 1292; baseline -0.001 -19"><span class='ocrx_word' id='word_1_57' title='bbox 65 1205 198 1289; x_wconf 69' lang='grc' dir='ltr'>ἀφιαιιιί</span> <span class='ocrx_word' id='word_1_58' title='bbox 219 1212 250 1274; x_wconf 88' lang='lat' dir='ltr'><strong>ct</strong></span> <span class='ocrx_word' id='word_1_59' title='bbox 268 1206 388 1292; x_wconf 84' lang='lat' dir='ltr'><strong>crqcuti</strong></span> <span class='ocrx_word' id='word_1_60' title='bbox 405 1205 519 1273; x_wconf 81' lang='lat' dir='ltr'><strong>talenta</strong></span> <span class='ocrx_word' id='word_1_61' title='bbox 536 1207 591 1287; x_wconf 83' lang='lat' dir='ltr'><strong>D,</strong></span> <span class='ocrx_word' id='word_1_62' title='bbox 614 1205 860 1291; x_wconf 77' lang='lat' dir='ltr'><strong>Carthaluquc</strong></span> <span class='ocrx_word' id='word_1_63' title='bbox 881 1227 949 1273; x_wconf 82' lang='grc' dir='ltr'>ιιιιιι</span> <span class='ocrx_word' id='word_1_64' title='bbox 972 1206 1107 1292; x_wconf 82' lang='lat' dir='ltr'><strong>Muqoue</strong></span> 
     </span>
     <span class='ocr_line' id='line_1_10' title="bbox 66 1313 1108 1400; baseline 0.001 -22"><span class='ocrx_word' id='word_1_65' title='bbox 66 1313 93 1378; x_wconf 88' lang='lat' dir='ltr'><strong>iu</strong></span> <span class='ocrx_word' id='word_1_66' title='bbox 106 1313 295 1400; x_wconf 68' lang='lat' dir='ltr'><strong>[limanium</strong></span> <span class='ocrx_word' id='word_1_67' title='bbox 304 1313 497 1400; x_wconf 72' lang='lat' dir='ltr'><strong>praeniteas</strong></span> <span class='ocrx_word' id='word_1_68' title='bbox 513 1317 572 1380; x_wconf 85' lang='lat' dir='ltr'><strong>est:</strong></span> <span class='ocrx_word' id='word_1_69' title='bbox 596 1313 624 1378; x_wconf 87' lang='lat' dir='ltr'><strong>si</strong></span> <span class='ocrx_word' id='word_1_70' title='bbox 643 1313 765 1380; x_wconf 87' lang='lat' dir='ltr'><strong>omissa</strong></span> <span class='ocrx_word' id='word_1_71' title='bbox 782 1337 846 1380; x_wconf 88' lang='lat' dir='ltr'><strong>una</strong></span> <span class='ocrx_word' id='word_1_72' title='bbox 865 1313 991 1400; x_wconf 78' lang='lat' dir='ltr'><strong>syllaba</strong></span> <span class='ocrx_word' id='word_1_73' title='bbox 1008 1313 1108 1399; x_wconf 80' lang='lat' dir='ltr'><strong>scrip</strong></span> 
     </span>
     <span class='ocr_line' id='line_1_11' title="bbox 66 1413 1113 1506; baseline 0.002 -21"><span class='ocrx_word' id='word_1_74' title='bbox 66 1423 212 1488; x_wconf 84' lang='lat' dir='ltr'><strong>tumeret</strong></span> <span class='ocrx_word' id='word_1_75' title='bbox 234 1421 271 1488; x_wconf 93' lang='lat' dir='ltr'><strong>in</strong></span> <span class='ocrx_word' id='word_1_76' title='bbox 292 1421 468 1506; x_wconf 78' lang='lat' dir='ltr'><strong>archetypo</strong></span> <span class='ocrx_word' id='word_1_77' title='bbox 491 1421 601 1488; x_wconf 86' lang='lat' dir='ltr'><strong>codice</strong></span> <span class='ocrx_word' id='word_1_78' title='bbox 623 1417 893 1506; x_wconf 79' lang='lat' dir='ltr'><strong>D.OARTOQ.,</strong></span> <span class='ocrx_word' id='word_1_79' title='bbox 914 1419 1010 1487; x_wconf 85' lang='lat' dir='ltr'><strong>facile</strong></span> <span class='ocrx_word' id='word_1_80' title='bbox 1032 1413 1113 1487; x_wconf 84' lang='lat' dir='ltr'><strong>inde</strong></span> 
     </span>
     <span class='ocr_line' id='line_1_12' title="bbox 64 1525 1106 1614; baseline 0 -20"><span class='ocrx_word' id='word_1_81' title='bbox 64 1527 138 1594; x_wconf 87' lang='lat' dir='ltr'><strong>nasci</strong></span> <span class='ocrx_word' id='word_1_82' title='bbox 154 1527 267 1614; x_wconf 87' lang='lat' dir='ltr'><strong>potuit</strong></span> <span class='ocrx_word' id='word_1_83' title='bbox 282 1529 455 1612; x_wconf 70' lang='lat' dir='ltr'><strong>dicahrque</strong></span> <span class='ocrx_word' id='word_1_84' title='bbox 472 1549 497 1593; x_wconf 91' lang='lat' dir='ltr'><strong>s.</strong></span> <span class='ocrx_word' id='word_1_85' title='bbox 514 1528 708 1612; x_wconf 69' lang='lat' dir='ltr'><strong>dictatorque.</strong></span> <span class='ocrx_word' id='word_1_86' title='bbox 744 1525 784 1594; x_wconf 94' lang='lat' dir='ltr'><strong>In</strong></span> <span class='ocrx_word' id='word_1_87' title='bbox 801 1525 948 1594; x_wconf 87' lang='lat' dir='ltr'><strong>codicum</strong></span> <span class='ocrx_word' id='word_1_88' title='bbox 966 1525 1106 1594; x_wconf 88' lang='lat' dir='ltr'><strong>lectione</strong></span> 
     </span>
     <span class='ocr_line' id='line_1_13' title="bbox 66 1629 1107 1720; baseline -0.002 -20"><span class='ocrx_word' id='word_1_89' title='bbox 66 1629 274 1720; x_wconf 82' lang='lat' dir='ltr'><strong>(....orqeuti</strong></span> <span class='ocrx_word' id='word_1_90' title='bbox 295 1635 409 1700; x_wconf 78' lang='grc' dir='ltr'>ιιιιιιια</span> <span class='ocrx_word' id='word_1_91' title='bbox 430 1636 636 1718; x_wconf 78' lang='lat' dir='ltr'><strong>dictatorque.</strong></span> <span class='ocrx_word' id='word_1_92' title='bbox 651 1683 660 1701; x_wconf 98' lang='lat'><strong>.</strong></span> <span class='ocrx_word' id='word_1_93' title='bbox 674 1681 683 1699; x_wconf 94' lang='lat'><strong>.</strong></span> <span class='ocrx_word' id='word_1_94' title='bbox 697 1684 704 1700; x_wconf 92' lang='lat'><strong>.</strong></span> <span class='ocrx_word' id='word_1_95' title='bbox 712 1635 903 1718; x_wconf 62' lang='lat' dir='ltr'><strong>praemissus</strong></span> <span class='ocrx_word' id='word_1_96' title='bbox 924 1629 982 1720; x_wconf 85' lang='lat' dir='ltr'><strong>eet)</strong></span> <span class='ocrx_word' id='word_1_97' title='bbox 1010 1633 1107 1700; x_wconf 82' lang='lat' dir='ltr'><strong>offen·</strong></span> 
     </span>
     <span class='ocr_line' id='line_1_14' title="bbox 65 1738 1108 1826; baseline 0.003 -24"><span class='ocrx_word' id='word_1_98' title='bbox 65 1738 134 1804; x_wconf 75' lang='lat' dir='ltr'><strong>noni</strong></span> <span class='ocrx_word' id='word_1_99' title='bbox 159 1740 319 1806; x_wconf 85' lang='lat' dir='ltr'><strong>maximae</strong></span> <span class='ocrx_word' id='word_1_100' title='bbox 342 1745 393 1806; x_wconf 90' lang='lat' dir='ltr'><strong>est</strong></span> <span class='ocrx_word' id='word_1_101' title='bbox 414 1741 557 1826; x_wconf 77' lang='grc' dir='ltr'>ιιιιιιιον,</span> <span class='ocrx_word' id='word_1_102' title='bbox 584 1740 671 1826; x_wconf 88' lang='lat' dir='ltr'><strong>quod</strong></span> <span class='ocrx_word' id='word_1_103' title='bbox 695 1761 814 1806; x_wconf 90' lang='lat' dir='ltr'><strong>nomen</strong></span> <span class='ocrx_word' id='word_1_104' title='bbox 835 1739 966 1826; x_wconf 88' lang='lat' dir='ltr'><strong>proprie</strong></span> <span class='ocrx_word' id='word_1_105' title='bbox 989 1739 1108 1805; x_wconf 89' lang='lat' dir='ltr'><strong>Roma·</strong></span> 
     </span>
    </p>
   </div>
   <div class='ocr_carea' id='block_1_3' title="bbox 53 1843 1343 1936">
    <p class='ocr_par' dir='ltr' id='par_1_3' title="bbox 53 1843 1343 1936">
     <span class='ocr_line' id='line_1_15' title="bbox 53 1843 1343 1936; baseline 0.002 -29"><span class='ocrx_word' id='word_1_106' title='bbox 53 1862 128 1910; x_wconf 82' lang='lat' dir='ltr'><strong>num</strong></span> <span class='ocrx_word' id='word_1_107' title='bbox 158 1845 272 1912; x_wconf 79' lang='lat' dir='ltr'><strong>Livius</strong></span> <span class='ocrx_word' id='word_1_108' title='bbox 302 1868 469 1930; x_wconf 87' lang='lat' dir='ltr'><strong>nusquam·</strong></span> <span class='ocrx_word' id='word_1_109' title='bbox 494 1845 572 1911; x_wconf 84' lang='lat' dir='ltr'><strong>alibi</strong></span> <span class='ocrx_word' id='word_1_110' title='bbox 609 1846 650 1910; x_wconf 87' lang='lat' dir='ltr'><strong>ad</strong></span> <span class='ocrx_word' id='word_1_111' title='bbox 681 1843 1001 1932; x_wconf 73' lang='lat' dir='ltr'><strong>Carthaginiensium</strong></span> <span class='ocrx_word' id='word_1_112' title='bbox 1038 1867 1107 1911; x_wconf 89' lang='lat' dir='ltr'><strong>rem</strong></span> <span class='ocrx_word' id='word_1_113' title='bbox 1237 1895 1240 1901; x_wconf 88' lang='lat'><strong>.</strong></span> <span class='ocrx_word' id='word_1_114' title='bbox 1313 1863 1343 1936; x_wconf 53' lang='grc' dir='ltr'><strong>ᾗ,</strong></span> 
     </span>
    </p>
   </div>
   <div class='ocr_carea' id='block_1_4' title="bbox 63 1949 1108 2145">
    <p class='ocr_par' dir='ltr' id='par_1_4' title="bbox 63 1949 1108 2145">
     <span class='ocr_line' id='line_1_16' title="bbox 64 1949 1108 2039; baseline 0.004 -25"><span class='ocrx_word' id='word_1_115' title='bbox 64 1949 224 2019; x_wconf 84' lang='lat' dir='ltr'><strong>militarem</strong></span> <span class='ocrx_word' id='word_1_116' title='bbox 251 1951 462 2039; x_wconf 73' lang='lat' dir='ltr'><strong>transtuliu).</strong></span> <span class='ocrx_word' id='word_1_117' title='bbox 506 1951 651 2035; x_wconf 82' lang='lat' dir='ltr'><strong>Accedit,</strong></span> <span class='ocrx_word' id='word_1_118' title='bbox 678 1952 765 2036; x_wconf 91' lang='lat' dir='ltr'><strong>quod</strong></span> <span class='ocrx_word' id='word_1_119' title='bbox 792 1955 826 2018; x_wconf 94' lang='lat' dir='ltr'><strong>et</strong></span> <span class='ocrx_word' id='word_1_120' title='bbox 857 1951 947 2018; x_wconf 91' lang='lat' dir='ltr'><strong>ducis</strong></span> <span class='ocrx_word' id='word_1_121' title='bbox 970 1974 1108 2018; x_wconf 89' lang='lat' dir='ltr'><strong>nomen</strong></span> 
     </span>
     <span class='ocr_line' id='line_1_17' title="bbox 63 2051 1108 2145; baseline 0.005 -25"><span class='ocrx_word' id='word_1_122' title='bbox 63 2051 254 2125; x_wconf 87' lang='lat' dir='ltr'><strong>hauddubie</strong></span> <span class='ocrx_word' id='word_1_123' title='bbox 275 2081 341 2126; x_wconf 90' lang='lat' dir='ltr'><strong>non</strong></span> <span class='ocrx_word' id='word_1_124' title='bbox 362 2059 411 2125; x_wconf 87' lang='lat' dir='ltr'><strong>ita</strong></span> <span class='ocrx_word' id='word_1_125' title='bbox 433 2058 603 2125; x_wconf 86' lang='lat' dir='ltr'><strong>mediocris</strong></span> <span class='ocrx_word' id='word_1_126' title='bbox 627 2062 835 2145; x_wconf 74' lang='lat' dir='ltr'><strong>exspectatur</strong></span> <span class='ocrx_word' id='word_1_127' title='bbox 856 2062 890 2125; x_wconf 89' lang='lat' dir='ltr'><strong>et</strong></span> <span class='ocrx_word' id='word_1_128' title='bbox 909 2058 1108 2126; x_wconf 81' lang='lat' dir='ltr'><strong>talentorum</strong></span> 
     </span>
    </p>
   </div>
   <div class='ocr_carea' id='block_1_5' title="bbox 64 2137 1343 2260">
    <p class='ocr_par' dir='ltr' id='par_1_5' title="bbox 64 2137 1343 2260">
     <span class='ocr_line' id='line_1_18' title="bbox 64 2137 1343 2260; baseline 0.005 -34"><span class='ocrx_word' id='word_1_129' title='bbox 64 2181 228 2232; x_wconf 88' lang='lat' dir='ltr'><strong>numerus</strong></span> <span class='ocrx_word' id='word_1_130' title='bbox 250 2165 364 2232; x_wconf 87' lang='lat' dir='ltr'><strong>abesse</strong></span> <span class='ocrx_word' id='word_1_131' title='bbox 387 2165 519 2233; x_wconf 90' lang='lat' dir='ltr'><strong>omnino</strong></span> <span class='ocrx_word' id='word_1_132' title='bbox 539 2165 668 2253; x_wconf 89' lang='lat' dir='ltr'><strong>nequit:</strong></span> <span class='ocrx_word' id='word_1_133' title='bbox 689 2166 914 2252; x_wconf 73' lang='lat' dir='ltr'><strong>quinquaginta</strong></span> <span class='ocrx_word' id='word_1_134' title='bbox 932 2169 1042 2232; x_wconf 88' lang='lat' dir='ltr'><strong>autem</strong></span> <span class='ocrx_word' id='word_1_135' title='bbox 1060 2170 1107 2232; x_wconf 89' lang='lat' dir='ltr'><strong>ta·</strong></span> <span class='ocrx_word' id='word_1_136' title='bbox 1164 2205 1175 2214; x_wconf 89' lang='lat'><em>·</em></span> <span class='ocrx_word' id='word_1_137' title='bbox 1216 2161 1218 2166; x_wconf 69' lang='grc'><strong>’</strong></span> <span class='ocrx_word' id='word_1_138' title='bbox 1307 2137 1343 2260; x_wconf 62' lang='grc'><strong>,’4</strong></span> 
     </span>
    </p>
   </div>
   <div class='ocr_carea' id='block_1_6' title="bbox 62 2265 1108 2678">
    <p class='ocr_par' dir='ltr' id='par_1_6' title="bbox 62 2265 1108 2678">
     <span class='ocr_line' id='line_1_19' title="bbox 65 2265 1107 2361; baseline 0.007 -28"><span class='ocrx_word' id='word_1_139' title='bbox 65 2265 140 2337; x_wconf 84' lang='lat' dir='ltr'><strong>lento</strong></span> <span class='ocrx_word' id='word_1_140' title='bbox 160 2273 215 2339; x_wconf 91' lang='lat' dir='ltr'><strong>hic</strong></span> <span class='ocrx_word' id='word_1_141' title='bbox 237 2273 273 2338; x_wconf 93' lang='lat' dir='ltr'><strong>in</strong></span> <span class='ocrx_word' id='word_1_142' title='bbox 295 2277 428 2339; x_wconf 87' lang='lat' dir='ltr'><strong>senatus</strong></span> <span class='ocrx_word' id='word_1_143' title='bbox 451 2273 603 2339; x_wconf 90' lang='lat' dir='ltr'><strong>consulto</strong></span> <span class='ocrx_word' id='word_1_144' title='bbox 629 2272 689 2358; x_wconf 88' lang='lat' dir='ltr'><strong>edi,</strong></span> <span class='ocrx_word' id='word_1_145' title='bbox 711 2277 827 2358; x_wconf 86' lang='lat' dir='ltr'><strong>postea</strong></span> <span class='ocrx_word' id='word_1_146' title='bbox 849 2295 925 2339; x_wconf 87' lang='lat' dir='ltr'><strong>vero</strong></span> <span class='ocrx_word' id='word_1_147' title='bbox 948 2270 990 2361; x_wconf 92' lang='lat' dir='ltr'><strong>(c.</strong></span> <span class='ocrx_word' id='word_1_148' title='bbox 1004 2273 1058 2358; x_wconf 80' lang='lat'><strong>32,</strong></span> <span class='ocrx_word' id='word_1_149' title='bbox 1071 2272 1107 2361; x_wconf 81' lang='grc' dir='ltr'><strong>ὅ)</strong></span> 
     </span>
     <span class='ocr_line' id='line_1_20' title="bbox 64 2363 1108 2466; baseline 0.007 -27"><span class='ocrx_word' id='word_1_150' title='bbox 64 2376 134 2442; x_wconf 75' lang='lat' dir='ltr'><strong>uate</strong></span> <span class='ocrx_word' id='word_1_151' title='bbox 153 2378 244 2444; x_wconf 91' lang='lat' dir='ltr'><strong>mitti</strong></span> <span class='ocrx_word' id='word_1_152' title='bbox 262 2379 380 2445; x_wconf 91' lang='lat' dir='ltr'><strong>mirum</strong></span> <span class='ocrx_word' id='word_1_153' title='bbox 397 2401 464 2445; x_wconf 92' lang='lat' dir='ltr'><strong>non</strong></span> <span class='ocrx_word' id='word_1_154' title='bbox 482 2383 541 2464; x_wconf 84' lang='grc' dir='ltr'>ιιι,</span> <span class='ocrx_word' id='word_1_155' title='bbox 559 2363 660 2446; x_wconf 89' lang='lat' dir='ltr'><strong>immo</strong></span> <span class='ocrx_word' id='word_1_156' title='bbox 678 2379 863 2466; x_wconf 83' lang='lat' dir='ltr'><strong>probabile;</strong></span> <span class='ocrx_word' id='word_1_157' title='bbox 885 2379 925 2446; x_wconf 87' lang='lat' dir='ltr'><strong>cl.</strong></span> <span class='ocrx_word' id='word_1_158' title='bbox 939 2369 1026 2466; x_wconf 63' lang='lat' dir='ltr'><strong>&#39;quae</strong></span> <span class='ocrx_word' id='word_1_159' title='bbox 1045 2379 1108 2446; x_wconf 86' lang='lat' dir='ltr'><strong>dis-</strong></span> 
     </span>
     <span class='ocr_line' id='line_1_21' title="bbox 63 2469 1107 2572; baseline 0.009 -26"><span class='ocrx_word' id='word_1_160' title='bbox 63 2483 176 2564; x_wconf 80' lang='lat' dir='ltr'><strong>putarit</strong></span> <span class='ocrx_word' id='word_1_161' title='bbox 198 2485 238 2551; x_wconf 85' lang='lat' dir='ltr'><strong>de</strong></span> <span class='ocrx_word' id='word_1_162' title='bbox 261 2507 299 2552; x_wconf 86' lang='lat' dir='ltr'><strong>ea</strong></span> <span class='ocrx_word' id='word_1_163' title='bbox 320 2508 355 2552; x_wconf 89' lang='lat' dir='ltr'><strong>re</strong></span> <span class='ocrx_word' id='word_1_164' title='bbox 378 2483 420 2552; x_wconf 88' lang='lat' dir='ltr'><strong>H.</strong></span> <span class='ocrx_word' id='word_1_165' title='bbox 443 2484 468 2552; x_wconf 93' lang='lat' dir='ltr'><strong>I.</strong></span> <span class='ocrx_word' id='word_1_166' title='bbox 490 2485 629 2552; x_wconf 84' lang='lat' dir='ltr'><strong>Mueller</strong></span> <span class='ocrx_word' id='word_1_167' title='bbox 651 2484 760 2552; x_wconf 83' lang='lat' dir='ltr'><strong>Zachr.</strong></span> <span class='ocrx_word' id='word_1_168' title='bbox 783 2485 804 2552; x_wconf 80' lang='grc' dir='ltr'><strong>ι</strong></span> <span class='ocrx_word' id='word_1_169' title='bbox 825 2485 855 2552; x_wconf 88' lang='lat' dir='ltr'><strong>d.</strong></span> <span class='ocrx_word' id='word_1_170' title='bbox 875 2484 991 2572; x_wconf 83' lang='lat' dir='ltr'><strong>Gymn.</strong></span> <span class='ocrx_word' id='word_1_171' title='bbox 1012 2469 1107 2572; x_wconf 71' lang='lat'><strong>1882,</strong></span> 
     </span>
     <span class='ocr_line' id='line_1_22' title="bbox 62 2583 690 2678; baseline 0.016 -27"><span class='ocrx_word' id='word_1_172' title='bbox 62 2583 232 2658; x_wconf 85' lang='lat' dir='ltr'><strong>Jahresber.</strong></span> <span class='ocrx_word' id='word_1_173' title='bbox 254 2615 283 2678; x_wconf 90' lang='lat' dir='ltr'><strong>p.</strong></span> <span class='ocrx_word' id='word_1_174' title='bbox 307 2593 382 2660; x_wconf 75' lang='lat'><strong>321.</strong></span> <span class='ocrx_word' id='word_1_175' title='bbox 553 2609 554 2612; x_wconf 75' lang='grc'>’</span> <span class='ocrx_word' id='word_1_176' title='bbox 684 2587 690 2599; x_wconf 86' lang='grc'>’</span> 
     </span>
    </p>
   </div>
   <div class='ocr_carea' id='block_1_7' title="bbox 135 2659 1335 2788">
    <p class='ocr_par' dir='ltr' id='par_1_7' title="bbox 135 2659 1336 2788">
     <span class='ocr_line' id='line_1_23' title="bbox 135 2659 1335 2788; baseline 0.007 -24"><span class='ocrx_word' id='word_1_177' title='bbox 135 2696 241 2766; x_wconf 85' lang='lat' dir='ltr'><strong>llulto</strong></span> <span class='ocrx_word' id='word_1_178' title='bbox 273 2699 378 2766; x_wconf 84' lang='lat' dir='ltr'><strong>rarius</strong></span> <span class='ocrx_word' id='word_1_179' title='bbox 409 2685 539 2767; x_wconf 88' lang='lat' dir='ltr'><strong>litteras</strong></span> <span class='ocrx_word' id='word_1_180' title='bbox 570 2721 780 2766; x_wconf 89' lang='lat' dir='ltr'><strong>numerorum</strong></span> <span class='ocrx_word' id='word_1_181' title='bbox 811 2699 884 2766; x_wconf 92' lang='lat' dir='ltr'><strong>loco</strong></span> <span class='ocrx_word' id='word_1_182' title='bbox 915 2722 936 2766; x_wconf 86' lang='lat' dir='ltr'><strong>a</strong></span> <span class='ocrx_word' id='word_1_183' title='bbox 962 2700 1107 2768; x_wconf 88' lang='lat' dir='ltr'><strong>librariis</strong></span> <span class='ocrx_word' id='word_1_184' title='bbox 1228 2759 1229 2762; x_wconf 63' lang='lat'><strong>,</strong></span> <span class='ocrx_word' id='word_1_185' title='bbox 1281 2659 1299 2740; x_wconf 17' lang='lat' dir='ltr'><strong>i</strong></span> <span class='ocrx_word' id='word_1_186' title='bbox 1332 2751 1335 2788; x_wconf 80' lang='grc'><strong><em>,</em></strong></span> 
     </span>
    </p>
   </div>
   <div class='ocr_carea' id='block_1_8' title="bbox 63 2795 1162 3333">
    <p class='ocr_par' dir='ltr' id='par_1_8' title="bbox 63 2795 1162 3333">
     <span class='ocr_line' id='line_1_24' title="bbox 63 2795 1129 2896; baseline 0.008 -30"><span class='ocrx_word' id='word_1_187' title='bbox 63 2795 178 2872; x_wconf 81' lang='lat' dir='ltr'><strong>habitas</strong></span> <span class='ocrx_word' id='word_1_188' title='bbox 196 2827 281 2891; x_wconf 88' lang='lat' dir='ltr'><strong>esse,</strong></span> <span class='ocrx_word' id='word_1_189' title='bbox 302 2809 439 2873; x_wconf 91' lang='lat' dir='ltr'><strong>nonest</strong></span> <span class='ocrx_word' id='word_1_190' title='bbox 465 2807 552 2894; x_wconf 88' lang='lat' dir='ltr'><strong>quod</strong></span> <span class='ocrx_word' id='word_1_191' title='bbox 572 2806 735 2874; x_wconf 90' lang='lat' dir='ltr'><strong>miremur.</strong></span> <span class='ocrx_word' id='word_1_192' title='bbox 771 2805 880 2874; x_wconf 90' lang='lat' dir='ltr'><strong>Pauca</strong></span> <span class='ocrx_word' id='word_1_193' title='bbox 898 2806 1001 2896; x_wconf 86' lang='lat' dir='ltr'><strong>igitur</strong></span> <span class='ocrx_word' id='word_1_194' title='bbox 1018 2829 1108 2894; x_wconf 90' lang='lat' dir='ltr'><strong>prae·</strong></span> <span class='ocrx_word' id='word_1_195' title='bbox 1126 2889 1129 2894; x_wconf 68' lang='lat'><strong>,</strong></span> 
     </span>
     <span class='ocr_line' id='line_1_25' title="bbox 64 2907 1162 3003; baseline 0.007 -29"><span class='ocrx_word' id='word_1_196' title='bbox 64 2907 105 2974; x_wconf 86' lang='lat' dir='ltr'><strong>ter</strong></span> <span class='ocrx_word' id='word_1_197' title='bbox 123 2933 169 2998; x_wconf 84' lang='lat' dir='ltr'><strong>ea,</strong></span> <span class='ocrx_word' id='word_1_198' title='bbox 190 2935 274 3000; x_wconf 86' lang='lat' dir='ltr'><strong>quae</strong></span> <span class='ocrx_word' id='word_1_199' title='bbox 294 2913 450 2982; x_wconf 89' lang='lat' dir='ltr'><strong>contrarii</strong></span> <span class='ocrx_word' id='word_1_200' title='bbox 468 2913 541 2981; x_wconf 82' lang='lat' dir='ltr'><strong>vitii</strong></span> <span class='ocrx_word' id='word_1_201' title='bbox 559 2914 716 3002; x_wconf 79' lang='lat' dir='ltr'><strong>exemplis</strong></span> <span class='ocrx_word' id='word_1_202' title='bbox 735 2937 833 3001; x_wconf 87' lang='lat' dir='ltr'><strong>supra</strong></span> <span class='ocrx_word' id='word_1_203' title='bbox 851 2913 917 2980; x_wconf 86' lang='lat' dir='ltr'><strong>iam</strong></span> <span class='ocrx_word' id='word_1_204' title='bbox 935 2915 1107 3003; x_wconf 86' lang='lat' dir='ltr'><strong>immiscui,</strong></span> <span class='ocrx_word' id='word_1_205' title='bbox 1160 2949 1162 2954; x_wconf 35' lang='lat' dir='ltr'>v</span> 
     </span>
     <span class='ocr_line' id='line_1_26' title="bbox 63 3017 1107 3110; baseline 0.011 -31"><span class='ocrx_word' id='word_1_206' title='bbox 63 3019 196 3106; x_wconf 82' lang='lat' dir='ltr'><strong>exempla</strong></span> <span class='ocrx_word' id='word_1_207' title='bbox 217 3021 252 3087; x_wconf 91' lang='lat' dir='ltr'><strong>in</strong></span> <span class='ocrx_word' id='word_1_208' title='bbox 269 3026 424 3109; x_wconf 89' lang='lat' dir='ltr'><strong>promptu</strong></span> <span class='ocrx_word' id='word_1_209' title='bbox 442 3023 556 3108; x_wconf 85' lang='lat' dir='ltr'><strong>habeo,</strong></span> <span class='ocrx_word' id='word_1_210' title='bbox 578 3022 668 3090; x_wconf 79' lang='lat' dir='ltr'><strong>velut</strong></span> <span class='ocrx_word' id='word_1_211' title='bbox 687 3017 755 3090; x_wconf 73' lang='lat' dir='ltr'><strong>eie.</strong></span> <span class='ocrx_word' id='word_1_212' title='bbox 771 3021 846 3088; x_wconf 87' lang='lat' dir='ltr'><strong>lam.</strong></span> <span class='ocrx_word' id='word_1_213' title='bbox 868 3022 919 3109; x_wconf 82' lang='lat'><strong>15,</strong></span> <span class='ocrx_word' id='word_1_214' title='bbox 936 3025 968 3110; x_wconf 82' lang='lat'><strong>4,</strong></span> <span class='ocrx_word' id='word_1_215' title='bbox 986 3023 1007 3089; x_wconf 92' lang='grc'>9</span> <span class='ocrx_word' id='word_1_216' title='bbox 1023 3021 1107 3090; x_wconf 86' lang='lat' dir='ltr'><strong>Med.</strong></span> 
     </span>
     <span class='ocr_line' id='line_1_27' title="bbox 63 3126 1107 3220; baseline 0.007 -29"><span class='ocrx_word' id='word_1_217' title='bbox 63 3139 105 3190; x_wconf 61' lang='lat' dir='ltr'><strong>&amp;a</strong></span> <span class='ocrx_word' id='word_1_218' title='bbox 123 3126 207 3216; x_wconf 81' lang='lat' dir='ltr'><em>(VI)</em></span> <span class='ocrx_word' id='word_1_219' title='bbox 228 3151 288 3216; x_wconf 90' lang='lat' dir='ltr'><strong>pro</strong></span> <span class='ocrx_word' id='word_1_220' title='bbox 310 3131 358 3210; x_wconf 63' lang='grc' dir='ltr'><strong>ιι·</strong></span> <span class='ocrx_word' id='word_1_221' title='bbox 384 3129 429 3200; x_wconf 89' lang='lat' dir='ltr'><strong>ib.</strong></span> <span class='ocrx_word' id='word_1_222' title='bbox 450 3129 535 3198; x_wconf 86' lang='lat' dir='ltr'><strong>Phil.</strong></span> <span class='ocrx_word' id='word_1_223' title='bbox 560 3131 615 3218; x_wconf 91' lang='grc'><strong>10,</strong></span> <span class='ocrx_word' id='word_1_224' title='bbox 639 3131 668 3217; x_wconf 82' lang='grc'><strong><em>7,</em></strong></span> <span class='ocrx_word' id='word_1_225' title='bbox 693 3131 734 3198; x_wconf 83' lang='grc'><strong>15</strong></span> <span class='ocrx_word' id='word_1_226' title='bbox 759 3128 836 3197; x_wconf 84' lang='lat' dir='ltr'><strong>Vct.</strong></span> <span class='ocrx_word' id='word_1_227' title='bbox 857 3131 919 3199; x_wconf 81' lang='lat' dir='ltr'><strong>duo</strong></span> <span class='ocrx_word' id='word_1_228' title='bbox 945 3127 1019 3220; x_wconf 85' lang='lat'><em>(11)</em></span> <span class='ocrx_word' id='word_1_229' title='bbox 1046 3153 1107 3217; x_wconf 85' lang='lat' dir='ltr'><strong>pro</strong></span> 
     </span>
     <span class='ocr_line' id='line_1_28' title="bbox 63 3229 1108 3333; baseline 0.005 -36"><span class='ocrx_word' id='word_1_230' title='bbox 63 3229 96 3310; x_wconf 86' lang='lat' dir='ltr'><strong>ii,·</strong></span> <span class='ocrx_word' id='word_1_231' title='bbox 112 3231 179 3302; x_wconf 82' lang='lat' dir='ltr'><strong>hir.</strong></span> <span class='ocrx_word' id='word_1_232' title='bbox 192 3236 247 3320; x_wconf 80' lang='lat'><strong>33,</strong></span> <span class='ocrx_word' id='word_1_233' title='bbox 259 3236 312 3320; x_wconf 79' lang='grc'><strong>27,</strong></span> <span class='ocrx_word' id='word_1_234' title='bbox 325 3237 347 3302; x_wconf 83' lang='grc'><strong><em>2</em></strong></span> <span class='ocrx_word' id='word_1_235' title='bbox 360 3235 448 3325; x_wconf 77' lang='lat' dir='ltr'><strong>hlog.</strong></span> <span class='ocrx_word' id='word_1_236' title='bbox 465 3239 644 3333; x_wconf 76' lang='lat' dir='ltr'><strong>quiuqcutua</strong></span> <span class='ocrx_word' id='word_1_237' title='bbox 660 3237 887 3324; x_wconf 75' lang='lat' dir='ltr'><strong>quinquaqinta</strong></span> <span class='ocrx_word' id='word_1_238' title='bbox 901 3233 958 3325; x_wconf 79' lang='grc' dir='ltr'><strong>(ιι</strong></span> <span class='ocrx_word' id='word_1_239' title='bbox 967 3235 1012 3323; x_wconf 84' lang='lat' dir='ltr'><strong>L)</strong></span> <span class='ocrx_word' id='word_1_240' title='bbox 1026 3235 1108 3303; x_wconf 65' lang='lat' dir='ltr'><strong>Suu</strong></span> 
     </span>
    </p>
   </div>
   <div class='ocr_carea' id='block_1_9' title="bbox 63 3371 261 3390">
    <p class='ocr_par' dir='ltr' id='par_1_9' title="bbox 63 3371 261 3390">
     <span class='ocr_line' id='line_1_29' title="bbox 63 3371 261 3390; baseline 0.01 -2"><span class='ocrx_word' id='word_1_241' title='bbox 63 3371 261 3390; x_wconf 37' lang='grc' dir='ltr'><strong>ᾖ</strong></span> 
     </span>
    </p>
   </div>
   <div class='ocr_carea' id='block_1_10' title="bbox 139 3401 1324 3520">
    <p class='ocr_par' dir='ltr' id='par_1_10' title="bbox 139 3401 1324 3520">
     <span class='ocr_line' id='line_1_30' title="bbox 139 3401 1324 3520; baseline 0.001 -20"><span class='ocrx_word' id='word_1_242' title='bbox 139 3447 167 3516; x_wconf 83' lang='grc' dir='ltr'><strong>ι)</strong></span> <span class='ocrx_word' id='word_1_243' title='bbox 183 3443 353 3518; x_wconf 61' lang='lat' dir='ltr'><strong>appensus</strong></span> <span class='ocrx_word' id='word_1_244' title='bbox 368 3428 487 3504; x_wconf 64' lang='grc' dir='ltr'>ιιιιιω</span> <span class='ocrx_word' id='word_1_245' title='bbox 504 3445 538 3517; x_wconf 80' lang='lat' dir='ltr'><strong>n,</strong></span> <span class='ocrx_word' id='word_1_246' title='bbox 555 3401 606 3518; x_wconf 68' lang='lat' dir='ltr'><strong>qur</strong></span> <span class='ocrx_word' id='word_1_247' title='bbox 619 3463 758 3503; x_wconf 64' lang='lat' dir='ltr'><strong>summum</strong></span> <span class='ocrx_word' id='word_1_248' title='bbox 771 3445 847 3520; x_wconf 69' lang='lat' dir='ltr'><strong>apua</strong></span> <span class='ocrx_word' id='word_1_249' title='bbox 860 3445 1108 3520; x_wconf 51' lang='lat' dir='ltr'><strong>cannensem·</strong></span> <span class='ocrx_word' id='word_1_250' title='bbox 1140 3515 1141 3520; x_wconf 35' lang='lat'><strong>.</strong></span> <span class='ocrx_word' id='word_1_251' title='bbox 1274 3499 1276 3504; x_wconf 77' lang='grc'><strong><em>,</em></strong></span> <span class='ocrx_word' id='word_1_252' title='bbox 1319 3462 1324 3476; x_wconf 73' lang='lat'>‹</span> 
     </span>
    </p>
   </div>
   <div class='ocr_carea' id='block_1_11' title="bbox 65 3525 1169 3968">
    <p class='ocr_par' dir='ltr' id='par_1_11' title="bbox 65 3525 1169 3968">
     <span class='ocr_line' id='line_1_31' title="bbox 65 3525 1109 3612; baseline 0 -22"><span class='ocrx_word' id='word_1_253' title='bbox 65 3525 201 3602; x_wconf 56' lang='lat' dir='ltr'><strong>inunum</strong></span> <span class='ocrx_word' id='word_1_254' title='bbox 217 3534 341 3605; x_wconf 85' lang='lat' dir='ltr'><strong>obtinet,</strong></span> <span class='ocrx_word' id='word_1_255' title='bbox 368 3533 399 3590; x_wconf 85' lang='lat' dir='ltr'><strong>in</strong></span> <span class='ocrx_word' id='word_1_256' title='bbox 421 3535 553 3612; x_wconf 80' lang='lat' dir='ltr'><strong>columne</strong></span> <span class='ocrx_word' id='word_1_257' title='bbox 575 3539 699 3593; x_wconf 78' lang='lat' dir='ltr'><strong>rostrata</strong></span> <span class='ocrx_word' id='word_1_258' title='bbox 720 3533 750 3594; x_wconf 82' lang='lat'><strong>0.</strong></span> <span class='ocrx_word' id='word_1_259' title='bbox 768 3535 790 3594; x_wconf 84' lang='lat' dir='ltr'>L</span> <span class='ocrx_word' id='word_1_260' title='bbox 808 3535 839 3594; x_wconf 78' lang='lat'><strong>1..</strong></span> <span class='ocrx_word' id='word_1_261' title='bbox 857 3534 882 3607; x_wconf 84' lang='lat'><strong>1,</strong></span> <span class='ocrx_word' id='word_1_262' title='bbox 907 3542 958 3594; x_wconf 77' lang='lat' dir='ltr'><strong>lat</strong></span> <span class='ocrx_word' id='word_1_263' title='bbox 979 3533 999 3593; x_wconf 80' lang='lat' dir='ltr'><strong>t</strong></span> <span class='ocrx_word' id='word_1_264' title='bbox 1021 3541 1069 3605; x_wconf 80' lang='grc' dir='ltr'><strong>ιο,</strong></span> <span class='ocrx_word' id='word_1_265' title='bbox 1091 3550 1109 3590; x_wconf 87' lang='grc' dir='ltr'><strong>ι</strong></span> 
     </span>
     <span class='ocr_line' id='line_1_32' title="bbox 65 3613 1109 3698; baseline 0.002 -19"><span class='ocrx_word' id='word_1_266' title='bbox 65 3613 157 3679; x_wconf 67' lang='lat' dir='ltr'><strong>hum</strong></span> <span class='ocrx_word' id='word_1_267' title='bbox 172 3625 248 3682; x_wconf 70' lang='lat' dir='ltr'><strong>aaa</strong></span> <span class='ocrx_word' id='word_1_268' title='bbox 265 3622 404 3682; x_wconf 74' lang='lat' dir='ltr'><strong>cellion</strong></span> <span class='ocrx_word' id='word_1_269' title='bbox 422 3626 455 3682; x_wconf 79' lang='grc' dir='ltr'><strong>ι.</strong></span> <span class='ocrx_word' id='word_1_270' title='bbox 475 3631 516 3696; x_wconf 88' lang='grc' dir='ltr'><strong>ιο,</strong></span> <span class='ocrx_word' id='word_1_271' title='bbox 535 3631 578 3694; x_wconf 82' lang='grc' dir='ltr'><strong>ιι,</strong></span> <span class='ocrx_word' id='word_1_272' title='bbox 597 3631 620 3691; x_wconf 83' lang='grc' dir='ltr'><strong>ιΙ</strong></span> <span class='ocrx_word' id='word_1_273' title='bbox 636 3624 791 3693; x_wconf 67' lang='lat' dir='ltr'><strong>(number</strong></span> <span class='ocrx_word' id='word_1_274' title='bbox 809 3614 943 3696; x_wconf 60' lang='lat' dir='ltr'><strong>uetitos,</strong></span> <span class='ocrx_word' id='word_1_275' title='bbox 961 3621 1109 3698; x_wconf 66' lang='lat' dir='ltr'><strong>munau</strong></span> 
     </span>
     <span class='ocr_line' id='line_1_33' title="bbox 66 3711 1109 3787; baseline -0.001 -17"><span class='ocrx_word' id='word_1_276' title='bbox 66 3711 188 3782; x_wconf 68' lang='grc' dir='ltr'>Ιιιὶιιει</span> <span class='ocrx_word' id='word_1_277' title='bbox 204 3713 356 3786; x_wconf 83' lang='lat' dir='ltr'><strong>equitnm),</strong></span> <span class='ocrx_word' id='word_1_278' title='bbox 373 3730 393 3770; x_wconf 79' lang='lat' dir='ltr'><strong>a</strong></span> <span class='ocrx_word' id='word_1_279' title='bbox 403 3713 496 3786; x_wconf 79' lang='lat' dir='ltr'><strong>Trogo</strong></span> <span class='ocrx_word' id='word_1_280' title='bbox 515 3721 564 3784; x_wconf 79' lang='lat' dir='ltr'><strong>tu,</strong></span> <span class='ocrx_word' id='word_1_281' title='bbox 584 3721 612 3784; x_wconf 84' lang='lat'><strong>1,</strong></span> <span class='ocrx_word' id='word_1_282' title='bbox 632 3720 657 3774; x_wconf 76' lang='grc' dir='ltr'><strong>ι.</strong></span> <span class='ocrx_word' id='word_1_283' title='bbox 692 3714 770 3772; x_wconf 84' lang='lat' dir='ltr'><strong>Haec</strong></span> <span class='ocrx_word' id='word_1_284' title='bbox 786 3714 844 3772; x_wconf 76' lang='lat' dir='ltr'><strong>tria</strong></span> <span class='ocrx_word' id='word_1_285' title='bbox 860 3731 912 3772; x_wconf 89' lang='lat' dir='ltr'><strong>nec</strong></span> <span class='ocrx_word' id='word_1_286' title='bbox 929 3713 1013 3787; x_wconf 81' lang='lat' dir='ltr'><strong>plura</strong></span> <span class='ocrx_word' id='word_1_287' title='bbox 1028 3711 1109 3770; x_wconf 79' lang='lat' dir='ltr'><strong>terti·</strong></span> 
     </span>
     <span class='ocr_line' id='line_1_34' title="bbox 65 3799 1169 3877; baseline 0.005 -20"><span class='ocrx_word' id='word_1_288' title='bbox 65 3799 147 3857; x_wconf 77' lang='grc' dir='ltr'>ιιιίι</span> <span class='ocrx_word' id='word_1_289' title='bbox 162 3801 247 3860; x_wconf 72' lang='lat' dir='ltr'><strong>telem</strong></span> <span class='ocrx_word' id='word_1_290' title='bbox 262 3802 383 3872; x_wconf 64' lang='lat' dir='ltr'><strong>utente</strong></span> <span class='ocrx_word' id='word_1_291' title='bbox 400 3818 467 3860; x_wconf 78' lang='lat' dir='ltr'><strong>uam</strong></span> <span class='ocrx_word' id='word_1_292' title='bbox 484 3799 586 3874; x_wconf 84' lang='lat' dir='ltr'><strong>locam,</strong></span> <span class='ocrx_word' id='word_1_293' title='bbox 604 3801 654 3875; x_wconf 86' lang='lat' dir='ltr'><strong>qai</strong></span> <span class='ocrx_word' id='word_1_294' title='bbox 671 3801 896 3874; x_wconf 66' lang='lat' dir='ltr'><strong>cathenatur,</strong></span> <span class='ocrx_word' id='word_1_295' title='bbox 912 3809 976 3874; x_wconf 76' lang='grc'><strong><em>1,4,</em></strong></span> <span class='ocrx_word' id='word_1_296' title='bbox 993 3805 1109 3877; x_wconf 83' lang='lat' dir='ltr'><strong>propter</strong></span> <span class='ocrx_word' id='word_1_297' title='bbox 1167 3817 1169 3826; x_wconf 78' lang='grc'>’</span> 
     </span>
     <span class='ocr_line' id='line_1_35' title="bbox 66 3879 711 3968; baseline 0.005 -19"><span class='ocrx_word' id='word_1_298' title='bbox 66 3879 186 3949; x_wconf 62' lang='grc' dir='ltr'>’Μαι</span> <span class='ocrx_word' id='word_1_299' title='bbox 203 3889 371 3967; x_wconf 70' lang='lat' dir='ltr'><strong>scripturam</strong></span> <span class='ocrx_word' id='word_1_300' title='bbox 389 3907 523 3968; x_wconf 60' lang='lat' dir='ltr'><strong>”ponere</strong></span> <span class='ocrx_word' id='word_1_301' title='bbox 540 3890 640 3964; x_wconf 82' lang='lat' dir='ltr'><strong>malins</strong></span> <span class='ocrx_word' id='word_1_302' title='bbox 658 3895 711 3952; x_wconf 82' lang='lat' dir='ltr'><strong>cut.</strong></span> 
     </span>
    </p>
   </div>
   <div class='ocr_carea' id='block_1_12' title="bbox 0 0 1403 4546">
    <p class='ocr_par' dir='ltr' id='par_1_12' title="bbox 0 0 1403 4546">
     <span class='ocr_line' id='line_1_36' title="bbox 0 0 1403 4546; baseline 0 0"><span class='ocrx_word' id='word_1_303' title='bbox 0 0 1403 4546; x_wconf 95' lang='lat' dir='ltr'><strong> </strong></span> 
     </span>
    </p>
   </div>
  </div>
 </body>
</html>
