2794 4546
525 315 740 382 „28-

110 477 143 544 in
163 475 249 544 Meri
270 477 393 544 nom-ine
412 495 468 544 sno
489 498 549 563 pro
571 497 680 544 nomm
705 497 809 557 esuo,·
832 475 872 546 oi.
890 475 985 544 Varr.
1003 476 1024 544 l.
1038 477 1059 544 l.
1077 477 1108 564 9,
1122 477 1165 546 89

109 586 196 652 codri
226 586 361 652 mminet
389 584 511 652 uerbrcm
539 606 600 672 pro
631 605 740 651 normm
771 588 801 650 et
834 585 966 652 verbum.
1018 583 1165 672 Denique

110 691 198 761 Caes.
220 693 252 760 b.
270 715 297 760 c
322 695 350 779 1,
371 693 424 780 54,
446 693 481 780 2,
507 693 564 760 ubi
587 693 677 761 codd.
704 691 879 760 manifesto
906 698 1060 781 corrupta
1086 694 1167 762 haec

109 801 278 885 praebent:
316 801 441 868 carinae
475 821 512 869 ac
542 801 682 886 primum
717 801 908 868 statumina
936 801 1007 868 leui
1036 803 1168 870 materia
1262 875 1264 880 ,
1312 797 1315 802 ’

107 907 234 994 fiebant,
263 909 480 976 certissimum
512 909 617 976 habeo
645 907 817 977 Caesarem
844 909 1013 996 scripsisse
1040 911 1166 978 carinae

107 1035 144 1082 ac
165 1017 309 1100 primum
339 1022 504 1085 statumen
534 1017 642 1084 alvei
673 1019 804 1084 materia
828 1018 861 1104 fi,
889 1039 987 1104 quarn
1019 1019 1166 1085 emenda·

109 1120 231 1188 tionem
262 1123 429 1212 egregiam
461 1123 502 1190 ab
534 1123 607 1190 Ilm
631 1123 827 1192 Hoffmanno
859 1125 894 1192 in
920 1119 1085 1192 Duebneri
1116 1125 1166 1191 ed.

108 1223 209 1294 Paris
235 1231 298 1296 vol.
321 1227 368 1314 ΙΙ,
398 1229 465 1298 405
496 1231 660 1316 prolatam
686 1231 770 1297 mira
800 1231 979 1318 pertinacia
1009 1235 1166 1318 spernunt

109 1333 157 1398 vel
184 1335 354 1401 novissimi
381 1337 530 1421 editores,
552 1335 787 1423 Nipperdeium
810 1337 902 1423 sequi
924 1340 1165 1424 praeoptantes,

109 1439 163 1524 qni
181 1445 310 1506 serrata
328 1441 515 1526 ceteroquin
533 1442 679 1508 codicum
697 1443 836 1509 lectione
850 1443 993 1527 primum
1011 1442 1046 1508 in
1057 1443 1167 1526 prium

109 1546 262 1630 mutavit,
297 1568 494 1632 quamquam
524 1569 565 1613 ne
597 1549 768 1614 minimum
800 1548 930 1635 quidem
961 1549 1167 1634 intellegitur

108 1649 213 1715 mendi
235 1651 329 1738 origo
351 1656 386 1718 et
403 1652 575 1719 statumina
597 1652 644 1718 sic
665 1653 751 1718 nude
773 1653 861 1719 dicta
882 1653 975 1720 valde
999 1653 1167 1720 offendunt

109 1751 160 1839 (ci
186 1755 260 1821 Em.
282 1755 458 1822 Hoffmann
484 1757 520 1824 in
546 1779 620 1824 nov.
648 1779 721 1823 ann
747 1757 827 1842 phil.
854 1759 917 1824 vol.
945 1756 1020 1826 clx
1046 1782 1078 1844 p.
1099 1758 1165 1825 463

109 1856 177 1946 sq..)
203 1895 248 1909 -
278 1861 307 1926 Ε
337 1861 500 1927 contrario
527 1861 596 1928 Liv.
623 1863 658 1946 3,
685 1862 791 1946 39,4
827 1862 975 1929 codicum
1008 1862 1165 1930 lectiones

41 2037 42 2040 ,
109 1984 214 2033 murm
244 1967 273 2035 is
302 1972 337 2033 et
367 1987 477 2034 nomen
503 1967 553 2034 tus
584 1968 744 2055 originem
776 1967 898 2034 habent
928 1968 963 2035 in
995 1968 1165 2056 archetypi
1257 2039 1260 2050 ,
1292 1979 1294 1987 “
1337 2027 1341 2034 .

109 2073 267 2162 scriptura
295 2075 432 2143 nannenus
461 2098 521 2163 pro
547 2076 696 2162 nominas,
723 2081 757 2143 et
783 2075 858 2144 Tac
881 2099 953 2144 arm.
978 2076 1033 2163 15,
1056 2077 1098 2146 68
1126 2099 1166 2144 ex

108 2177 241 2249 Medioei
273 2185 341 2250 cori
373 2183 511 2250 lectione
543 2184 578 2250 in
608 2185 723 2251 crimen
755 2184 947 2252 atraberetur
977 2184 1088 2251 nescio
1122 2206 1166 2250 an

109 2293 193 2356 reete
215 2289 325 2358 Rilter
351 2291 494 2360 effecerit
520 2293 556 2360 in
577 2293 711 2360 crimina
734 2293 922 2360 traheretur:
948 2291 1165 2379 improbabile

42 2423 44 2430 ¹
110 2393 234 2464 videtur
261 2403 395 2486 propter
421 2399 607 2467 attrahendi
629 2402 764 2468 verbnm
787 2423 806 2466 a
828 2399 943 2468 Tacito
967 2399 1108 2466 alienum
1130 2399 1166 2465 in

108 2505 220 2572 minem
241 2507 453 2591 ottrolmntnr,
475 2508 561 2594 quod
583 2531 623 2575 ex
640 2507 754 2576 Orellii
773 2507 958 2576 coniectura
975 2506 1075 2573 Halm
1096 2505 1165 2572 alii·

108 2633 167 2698 que
190 2613 366 2682 edidenrnt
411 2613 483 2682 Iam
504 2638 581 2682 vero
604 2615 702 2702 vides,
723 2616 807 2682 unde
829 2621 909 2684 nata
931 2615 978 2683 sit
999 2615 1072 2682 loco
1090 2636 1165 2682 con·

110 2718 350 2807 clamatissimo,
367 2721 422 2808 qui
441 2727 493 2790 est
508 2722 587 2790 Hor.
606 2723 656 2790 od.
670 2723 701 2807 3,
714 2723 745 2807 4,
762 2723 811 2808 10,
828 2721 999 2789 fluctuatio
1018 2721 1166 2789 codicum
1185 2721 1188 2729 '

109 2823 192 2894 inter
213 2829 326 2894 limina
341 2827 495 2914 pul(l)s'ae
516 2833 550 2895 et
571 2829 665 2895 limen
686 2829 831 2913 Apuliae.

194 2935 379 3022 Adiungcre
398 2935 497 3002 Hceat
513 2936 621 3002 varios
639 2957 774 3021 errores,
793 2957 874 3021 quoa
888 2939 926 3001 nt
940 2934 1079 3022 singulis
1097 2935 1165 3001 iero

112 3041 262 3126 exemplis
293 3041 450 3128 probatos
483 3041 621 3130 singulis
656 3041 818 3128 capitibus
850 3045 991 3108 tractare
1023 3041 1165 3108 alienum

113 3151 172 3232 est,
194 3149 250 3214 sed
272 3170 354 3234 quos
376 3147 411 3214 in
433 3148 572 3215 confinio
594 3149 768 3214 verborum
790 3147 982 3215 commissos
1005 3171 1045 3215 ex
1067 3149 1166 3235 scrip·

113 3253 184 3318 tara
195 3253 351 3320 continua
364 3259 399 3321 et
412 3253 673 3342 orthographicis
687 3253 869 3322 rationibus
883 3254 964 3322 itam
974 3255 1166 3342 repetendos
1213 3283 1217 3293 ·

86 3378 179 3430 ‚esse
207 3366 352 3448 apparet.
394 3361 476 3437 Eius
503 3362 630 3451 generis
658 3365 722 3449 cst,
749 3362 836 3449 qnod
861 3361 931 3430 Liv.
953 3363 1007 3450 42,
1033 3361 1104 3449 1,5
1130 3362 1170 3430 in'

113 3461 205 3534 Vina
217 3467 449 3557 legitnrcrussi
466 3473 473 3550 Ι
486 3471 591 3555 perusi
609 3469 615 3551 Ι
634 3467 817 3557 cuium'pro
830 3468 994 3555 Crassipes
1009 3469 1165 3538 Sintiam:

113 3575 339 3658 pmnnntiandi
365 3575 451 3644 enim
470 3575 686 3667 neglegentia
711 3598 751 3646 sss
772 3581 807 3645 et
826 3597 858 3647 ss
880 3576 1063 3666 promiscuo
1090 3575 1166 3644 scri-
1213 3645 1216 3652 ,
1341 3635 1342 3656 ,

113 3677 270 3750 bebmtnr
291 3706 312 3750 a
332 3683 485 3752 librariis
516 3682 616 3755 cuius
639 3684 686 3754 rei
708 3707 813 3773 pauca
834 3685 981 3772 exempla
1002 3704 1164 3772 promam:

115 3785 445 3881 tiv.22,50,11³
474 3798 631 3863 mamm
657 3823 699 3851 -ι
727 3799 892 3876 aestatem·
921 3793 979 3882 44,
1007 3793 1063 3881 11,
1092 3790 1166 3860 1v

115 3901 283 3968 musione
309 3929 351 3957 -
377 3901 559 3982 amnone:
594 3903 652 3991 45,
681 3901 739 3991 39,
770 3903 792 3971 2
825 3902 947 3972 censuri
969 3929 1014 3994 ,-
1037 3901 1167 3983 aarum
